<?xml version="1.0" encoding="UTF-8"?>
<!DOCTYPE html PUBLIC "-//W3C//DTD XHTML 1.0 Transitional//EN"
    "http://www.w3.org/TR/xhtml1/DTD/xhtml1-transitional.dtd">
<html xmlns="http://www.w3.org/1999/xhtml" xml:lang="en" lang="en">
 <head>
  <title>
</title>
<meta http-equiv="Content-Type" content="text/html;charset=utf-8" />
  <meta name='ocr-system' content='tesseract 3.04.00' />
  <meta name='ocr-capabilities' content='ocr_page ocr_carea ocr_par ocr_line ocrx_word'/>
</head>
<body>
  <div class='ocr_page' id='page_1' title='image "./macariaeexcidium00okel/macariaeexcidium00okel_0200.png"; bbox 0 0 1929 2600; ppageno 0'>
   <div class='ocr_carea' id='block_1_1' title="bbox 377 232 1286 269">
    <p class='ocr_par' dir='ltr' id='par_1_1' title="bbox 377 232 1286 269">
     <span class='ocr_line' id='line_1_1' title="bbox 377 232 1286 269; baseline 0.001 -2"><span class='ocrx_word' id='word_1_1' title='bbox 377 246 388 266; x_wconf 97' lang='lat'>1</span> <span class='ocrx_word' id='word_1_2' title='bbox 397 235 439 267; x_wconf 85' lang='lat'>68</span> <span class='ocrx_word' id='word_1_3' title='bbox 825 232 930 268; x_wconf 70' lang='lat' dir='ltr'>Notes</span> <span class='ocrx_word' id='word_1_4' title='bbox 948 233 1020 267; x_wconf 77' lang='lat' dir='ltr'>ancl</span> <span class='ocrx_word' id='word_1_5' title='bbox 1038 232 1286 269; x_wconf 71' lang='lat' dir='ltr'>Hlusz‘rations.</span> 
     </span>
    </p>
   </div>
   <div class='ocr_carea' id='block_1_2' title="bbox 531 863 1477 1080">
    <p class='ocr_par' dir='ltr' id='par_1_2' title="bbox 531 863 1477 1080">
     <span class='ocr_line' id='line_1_2' title="bbox 531 863 714 898; baseline 0.005 -10"><span class='ocrx_word' id='word_1_6' title='bbox 531 883 537 889; x_wconf 92' lang='lat'>.</span> <span class='ocrx_word' id='word_1_7' title='bbox 551 863 714 898; x_wconf 83' lang='lat' dir='ltr'>VVigbertus.</span> 
     </span>
     <span class='ocr_line' id='line_1_3' title="bbox 557 910 703 935; baseline 0.007 -1"><span class='ocrx_word' id='word_1_8' title='bbox 557 910 703 935; x_wconf 79' lang='lat' dir='ltr'>Willeicus.</span> 
     </span>
     <span class='ocr_line' id='line_1_4' title="bbox 556 951 1472 985; baseline -0.005 -4"><span class='ocrx_word' id='word_1_9' title='bbox 556 955 678 981; x_wconf 84' lang='lat' dir='ltr'>Ultanus.</span> <span class='ocrx_word' id='word_1_10' title='bbox 1297 952 1348 977; x_wconf 83' lang='lat' dir='ltr'>His</span> <span class='ocrx_word' id='word_1_11' title='bbox 1361 951 1472 985; x_wconf 77' lang='lat' dir='ltr'>adjectoe.</span> 
     </span>
     <span class='ocr_line' id='line_1_5' title="bbox 552 991 1477 1035; baseline -0.005 -9"><span class='ocrx_word' id='word_1_12' title='bbox 552 1001 706 1035; x_wconf 80' lang='lat' dir='ltr'>VulganiuS.</span> <span class='ocrx_word' id='word_1_13' title='bbox 1228 996 1254 1021; x_wconf 89' lang='lat' dir='ltr'>S.</span> <span class='ocrx_word' id='word_1_14' title='bbox 1270 995 1461 1022; x_wconf 70' lang='lat' dir='ltr'>waldetrudis.</span> <span class='ocrx_word' id='word_1_15' title='bbox 1473 991 1477 994; x_wconf 52' lang='lat'>⁵</span> 
     </span>
     <span class='ocr_line' id='line_1_6' title="bbox 553 1041 1432 1080; baseline -0.007 -9"><span class='ocrx_word' id='word_1_16' title='bbox 553 1046 746 1080; x_wconf 76' lang='lat' dir='ltr'>Vuasnulphus.</span> <span class='ocrx_word' id='word_1_17' title='bbox 1228 1041 1254 1066; x_wconf 91' lang='lat' dir='ltr'>S.</span> <span class='ocrx_word' id='word_1_18' title='bbox 1269 1041 1432 1066; x_wconf 84' lang='lat' dir='ltr'>Aldetrudis.</span> 
     </span>
    </p>
   </div>
   <div class='ocr_carea' id='block_1_3' title="bbox 551 1089 1426 1117">
    <p class='ocr_par' dir='ltr' id='par_1_3' title="bbox 551 1089 1426 1117">
     <span class='ocr_line' id='line_1_7' title="bbox 551 1089 1426 1117; baseline -0.003 0"><span class='ocrx_word' id='word_1_19' title='bbox 551 1091 717 1117; x_wconf 83' lang='lat' dir='ltr'>Vincentius.</span> <span class='ocrx_word' id='word_1_20' title='bbox 1228 1089 1254 1114; x_wconf 92' lang='lat' dir='ltr'>S.</span> <span class='ocrx_word' id='word_1_21' title='bbox 1272 1089 1426 1115; x_wconf 86' lang='lat' dir='ltr'>Adelberta.</span> 
     </span>
    </p>
   </div>
   <div class='ocr_carea' id='block_1_4' title="bbox 1227 889 1386 915">
    <p class='ocr_par' dir='ltr' id='par_1_4' title="bbox 1227 889 1386 915">
     <span class='ocr_line' id='line_1_8' title="bbox 1227 889 1386 915; baseline 0 0"><span class='ocrx_word' id='word_1_22' title='bbox 1227 889 1253 915; x_wconf 90' lang='lat' dir='ltr'>S.</span> <span class='ocrx_word' id='word_1_23' title='bbox 1273 890 1386 915; x_wconf 80' lang='lat' dir='ltr'>Cunera.</span> 
     </span>
    </p>
   </div>
   <div class='ocr_carea' id='block_1_5' title="bbox 508 324 1615 1117">
    <p class='ocr_par' dir='ltr' id='par_1_5' title="bbox 509 324 1451 402">
     <span class='ocr_line' id='line_1_9' title="bbox 509 324 1451 351; baseline 0.002 -2"><span class='ocrx_word' id='word_1_24' title='bbox 509 324 534 349; x_wconf 90' lang='lat' dir='ltr'>S.</span> <span class='ocrx_word' id='word_1_25' title='bbox 553 325 632 349; x_wconf 85' lang='lat' dir='ltr'>Eeco.</span> <span class='ocrx_word' id='word_1_26' title='bbox 1227 325 1254 350; x_wconf 90' lang='lat' dir='ltr'>S.</span> <span class='ocrx_word' id='word_1_27' title='bbox 1273 325 1451 351; x_wconf 81' lang='lat' dir='ltr'>Marcellinus.</span> 
     </span>
     <span class='ocr_line' id='line_1_10' title="bbox 510 369 1428 402; baseline 0.003 -8"><span class='ocrx_word' id='word_1_28' title='bbox 510 369 536 394; x_wconf 92' lang='lat' dir='ltr'>S.</span> <span class='ocrx_word' id='word_1_29' title='bbox 551 369 747 402; x_wconf 81' lang='lat' dir='ltr'>Fredegandus.</span> <span class='ocrx_word' id='word_1_30' title='bbox 1227 371 1253 396; x_wconf 91' lang='lat' dir='ltr'>S.</span> <span class='ocrx_word' id='word_1_31' title='bbox 1271 370 1428 397; x_wconf 60' lang='lat' dir='ltr'>Mombolus</span> 
     </span>
    </p>

    <p class='ocr_par' dir='ltr' id='par_1_6' title="bbox 509 414 1358 442">
     <span class='ocr_line' id='line_1_11' title="bbox 509 414 1358 442; baseline 0.002 -2"><span class='ocrx_word' id='word_1_32' title='bbox 509 415 536 440; x_wconf 85' lang='lat' dir='ltr'>S.</span> <span class='ocrx_word' id='word_1_33' title='bbox 554 414 695 439; x_wconf 81' lang='lat' dir='ltr'>Foillanus.</span> <span class='ocrx_word' id='word_1_34' title='bbox 1227 416 1253 442; x_wconf 89' lang='lat' dir='ltr'>S.</span> <span class='ocrx_word' id='word_1_35' title='bbox 1268 415 1358 442; x_wconf 90' lang='lat' dir='ltr'>Mono.</span> 
     </span>
    </p>

    <p class='ocr_par' dir='ltr' id='par_1_7' title="bbox 511 459 1417 487">
     <span class='ocr_line' id='line_1_12' title="bbox 511 459 1417 487; baseline 0.002 -3"><span class='ocrx_word' id='word_1_36' title='bbox 511 460 538 487; x_wconf 84' lang='lat' dir='ltr'>S.</span> <span class='ocrx_word' id='word_1_37' title='bbox 554 459 684 484; x_wconf 72' lang='lat' dir='ltr'>Fursaeus.</span> <span class='ocrx_word' id='word_1_38' title='bbox 1226 460 1252 486; x_wconf 92' lang='lat' dir='ltr'>S.</span> <span class='ocrx_word' id='word_1_39' title='bbox 1271 461 1417 486; x_wconf 88' lang='lat' dir='ltr'>Obodinus.</span> 
     </span>
    </p>

    <p class='ocr_par' dir='ltr' id='par_1_8' title="bbox 511 505 1418 540">
     <span class='ocr_line' id='line_1_13' title="bbox 511 505 1418 540; baseline 0.003 -11"><span class='ocrx_word' id='word_1_40' title='bbox 511 505 538 530; x_wconf 90' lang='lat' dir='ltr'>S.</span> <span class='ocrx_word' id='word_1_41' title='bbox 554 505 752 530; x_wconf 79' lang='lat' dir='ltr'>Forannuanus.</span> <span class='ocrx_word' id='word_1_42' title='bbox 1228 506 1254 532; x_wconf 90' lang='lat' dir='ltr'>S.</span> <span class='ocrx_word' id='word_1_43' title='bbox 1274 506 1418 540; x_wconf 82' lang='lat' dir='ltr'>OthgeruS.</span> 
     </span>
    </p>

    <p class='ocr_par' dir='ltr' id='par_1_9' title="bbox 508 549 1482 709">
     <span class='ocr_line' id='line_1_14' title="bbox 511 549 1447 578; baseline 0.004 -4"><span class='ocrx_word' id='word_1_44' title='bbox 511 549 538 574; x_wconf 86' lang='lat' dir='ltr'>S.</span> <span class='ocrx_word' id='word_1_45' title='bbox 557 549 735 574; x_wconf 84' lang='lat' dir='ltr'>Gerebernus.</span> <span class='ocrx_word' id='word_1_46' title='bbox 1228 552 1255 577; x_wconf 89' lang='lat' dir='ltr'>S.</span> <span class='ocrx_word' id='word_1_47' title='bbox 1274 552 1447 578; x_wconf 83' lang='lat' dir='ltr'>PleebelmuS.</span> 
     </span>
     <span class='ocr_line' id='line_1_15' title="bbox 510 594 1482 636; baseline 0.003 -17"><span class='ocrx_word' id='word_1_48' title='bbox 510 594 536 619; x_wconf 88' lang='lat' dir='ltr'>S.</span> <span class='ocrx_word' id='word_1_49' title='bbox 552 594 708 620; x_wconf 74' lang='lat' dir='ltr'>Rumoldus.</span> <span class='ocrx_word' id='word_1_50' title='bbox 1329 610 1398 636; x_wconf 50' lang='grc' dir='ltr'><strong>Ειηδ,</strong></span> <span class='ocrx_word' id='word_1_51' title='bbox 1412 610 1482 636; x_wconf 45' lang='grc' dir='ltr'>ΗΠ·-</span> 
     </span>
     <span class='ocr_line' id='line_1_16' title="bbox 508 619 1475 680; baseline 0.002 -17"><span class='ocrx_word' id='word_1_52' title='bbox 508 637 535 664; x_wconf 73' lang='lat' dir='ltr'>S.</span> <span class='ocrx_word' id='word_1_53' title='bbox 551 638 717 664; x_wconf 87' lang='lat' dir='ltr'>Swithertus.</span> <span class='ocrx_word' id='word_1_54' title='bbox 1226 653 1248 680; x_wconf 82' lang='lat' dir='ltr'>L</span> <span class='ocrx_word' id='word_1_55' title='bbox 1284 655 1300 680; x_wconf 73' lang='lat' dir='ltr'><strong>d</strong></span> <span class='ocrx_word' id='word_1_56' title='bbox 1318 654 1323 660; x_wconf 49' lang='grc' dir='ltr'><strong><em>ι</em></strong></span> <span class='ocrx_word' id='word_1_57' title='bbox 1352 620 1366 644; x_wconf 85' lang='lat' dir='ltr'><em>J</em></span> <span class='ocrx_word' id='word_1_58' title='bbox 1461 619 1475 644; x_wconf 85' lang='lat' dir='ltr'><em>J</em></span> 
     </span>
     <span class='ocr_line' id='line_1_17' title="bbox 509 664 1381 709; baseline 0.001 0"><span class='ocrx_word' id='word_1_59' title='bbox 509 683 535 709; x_wconf 84' lang='lat' dir='ltr'>S.</span> <span class='ocrx_word' id='word_1_60' title='bbox 552 683 733 709; x_wconf 73' lang='lat' dir='ltr'>wendelinus.</span> <span class='ocrx_word' id='word_1_61' title='bbox 1250 664 1282 680; x_wconf 64' lang='lat' dir='ltr'>an</span> <span class='ocrx_word' id='word_1_62' title='bbox 1302 664 1381 680; x_wconf 46' lang='lat' dir='ltr'><strong>meus·</strong></span> 
     </span>
    </p>

    <p class='ocr_par' dir='ltr' id='par_1_10' title="bbox 509 699 1394 754">
     <span class='ocr_line' id='line_1_18' title="bbox 509 699 1394 754; baseline 0.001 -31"><span class='ocrx_word' id='word_1_63' title='bbox 509 729 527 754; x_wconf 76' lang='lat' dir='ltr'>S</span> <span class='ocrx_word' id='word_1_64' title='bbox 556 728 599 753; x_wconf 33' lang='lat' dir='ltr'>xv*</span> <span class='ocrx_word' id='word_1_65' title='bbox 1226 699 1394 725; x_wconf 87' lang='lat' dir='ltr'>Deutelmus.</span> 
     </span>
    </p>

    <p class='ocr_par' dir='ltr' id='par_1_11' title="bbox 509 737 1615 844">
     <span class='ocr_line' id='line_1_19' title="bbox 509 737 1615 799; baseline 0.003 -21"><span class='ocrx_word' id='word_1_66' title='bbox 509 748 537 799; x_wconf 52' lang='lat' dir='ltr'>S:</span> <span class='ocrx_word' id='word_1_67' title='bbox 552 737 757 798; x_wconf 47' lang='grc' dir='ltr'>Ψίιᾶἓὶπωᾶυε.</span> <span class='ocrx_word' id='word_1_68' title='bbox 1195 755 1296 780; x_wconf 73' lang='lat' dir='ltr'>Sancta&gt;</span> <span class='ocrx_word' id='word_1_69' title='bbox 1309 764 1339 780; x_wconf 63' lang='lat' dir='ltr'>er</span> <span class='ocrx_word' id='word_1_70' title='bbox 1350 755 1381 780; x_wconf 89' lang='grc' dir='ltr'><em>Η</em></span> <span class='ocrx_word' id='word_1_71' title='bbox 1382 755 1483 781; x_wconf 76' lang='lat' dir='ltr'>ibernice</span> <span class='ocrx_word' id='word_1_72' title='bbox 1497 756 1615 781; x_wconf 42' lang='lat' dir='ltr'>Faminae.</span> 
     </span>
     <span class='ocr_line' id='line_1_20' title="bbox 511 800 1402 844; baseline 0.001 0"><span class='ocrx_word' id='word_1_73' title='bbox 511 818 538 844; x_wconf 86' lang='lat' dir='ltr'>S.</span> <span class='ocrx_word' id='word_1_74' title='bbox 558 817 753 844; x_wconf 85' lang='lat' dir='ltr'>Warenfridus.</span> <span class='ocrx_word' id='word_1_75' title='bbox 1229 800 1256 825; x_wconf 60' lang='grc' dir='ltr'>δ’</span> <span class='ocrx_word' id='word_1_76' title='bbox 1271 800 1402 834; x_wconf 70' lang='lat' dir='ltr'>Dympna&#39;</span> 
     </span>
    </p>

    <p class='ocr_par' dir='ltr' id='par_1_12' title="bbox 510 845 1342 889">
     <span class='ocr_line' id='line_1_21' title="bbox 510 845 1342 889; baseline 0.002 -21"><span class='ocrx_word' id='word_1_77' title='bbox 510 864 527 889; x_wconf 79' lang='lat' dir='ltr'>S</span> <span class='ocrx_word' id='word_1_78' title='bbox 1229 845 1256 870; x_wconf 91' lang='lat' dir='ltr'>S.</span> <span class='ocrx_word' id='word_1_79' title='bbox 1276 845 1342 870; x_wconf 84' lang='lat' dir='ltr'>Oda.</span> 
     </span>
    </p>

    <p class='ocr_par' dir='ltr' id='par_1_13' title="bbox 510 910 537 935">
     <span class='ocr_line' id='line_1_22' title="bbox 510 910 537 935; baseline 0 0"><span class='ocrx_word' id='word_1_80' title='bbox 510 910 537 935; x_wconf 92' lang='lat' dir='ltr'>S.</span> 
     </span>
    </p>

    <p class='ocr_par' dir='ltr' id='par_1_14' title="bbox 510 956 537 981">
     <span class='ocr_line' id='line_1_23' title="bbox 510 956 537 981; baseline 0 0"><span class='ocrx_word' id='word_1_81' title='bbox 510 956 537 981; x_wconf 92' lang='lat' dir='ltr'>S.</span> 
     </span>
    </p>

    <p class='ocr_par' dir='ltr' id='par_1_15' title="bbox 508 1001 534 1027">
     <span class='ocr_line' id='line_1_24' title="bbox 508 1001 534 1027; baseline -0.038 0"><span class='ocrx_word' id='word_1_82' title='bbox 508 1001 534 1027; x_wconf 93' lang='lat' dir='ltr'>S.</span> 
     </span>
    </p>

    <p class='ocr_par' dir='ltr' id='par_1_16' title="bbox 510 1047 537 1073">
     <span class='ocr_line' id='line_1_25' title="bbox 510 1047 537 1073; baseline 0.037 -1"><span class='ocrx_word' id='word_1_83' title='bbox 510 1047 537 1073; x_wconf 89' lang='lat' dir='ltr'>S.</span> 
     </span>
    </p>

    <p class='ocr_par' dir='ltr' id='par_1_17' title="bbox 509 1092 534 1117">
     <span class='ocr_line' id='line_1_26' title="bbox 509 1092 534 1117; baseline -0.04 0"><span class='ocrx_word' id='word_1_84' title='bbox 509 1092 534 1117; x_wconf 89' lang='lat' dir='ltr'>S.</span> 
     </span>
    </p>
   </div>
   <div class='ocr_carea' id='block_1_6' title="bbox 367 1164 1752 2104">
    <p class='ocr_par' dir='ltr' id='par_1_18' title="bbox 367 1164 1752 2059">
     <span class='ocr_line' id='line_1_27' title="bbox 423 1164 1751 1199; baseline -0.002 -7"><span class='ocrx_word' id='word_1_85' title='bbox 423 1166 566 1193; x_wconf 82' lang='lat' dir='ltr'>“Demum</span> <span class='ocrx_word' id='word_1_86' title='bbox 586 1167 613 1192; x_wconf 88' lang='lat' dir='ltr'>in</span> <span class='ocrx_word' id='word_1_87' title='bbox 634 1167 800 1192; x_wconf 72' lang='lat' dir='ltr'>Conclusinne</span> <span class='ocrx_word' id='word_1_88' title='bbox 825 1166 927 1199; x_wconf 74' lang='lat' dir='ltr'>Operis,</span> <span class='ocrx_word' id='word_1_89' title='bbox 953 1174 1012 1199; x_wconf 80' lang='lat' dir='ltr'>pag.</span> <span class='ocrx_word' id='word_1_90' title='bbox 1037 1166 1080 1194; x_wconf 76' lang='lat'>89,</span> <span class='ocrx_word' id='word_1_91' title='bbox 1106 1164 1228 1190; x_wconf 86' lang='lat' dir='ltr'>laudatus</span> <span class='ocrx_word' id='word_1_92' title='bbox 1251 1164 1391 1198; x_wconf 87' lang='lat' dir='ltr'>scriptor‚”</span> <span class='ocrx_word' id='word_1_93' title='bbox 1416 1164 1551 1189; x_wconf 79' lang='lat' dir='ltr'>continues</span> <span class='ocrx_word' id='word_1_94' title='bbox 1573 1164 1618 1189; x_wconf 90' lang='lat' dir='ltr'>the</span> <span class='ocrx_word' id='word_1_95' title='bbox 1640 1164 1751 1193; x_wconf 81' lang='lat' dir='ltr'>Doctor,</span> 
     </span>
     <span class='ocr_line' id='line_1_28' title="bbox 369 1209 1752 1246; baseline -0.002 -8"><span class='ocrx_word' id='word_1_96' title='bbox 369 1212 531 1246; x_wconf 77' lang='lat' dir='ltr'>“subjungit</span> <span class='ocrx_word' id='word_1_97' title='bbox 544 1211 710 1246; x_wconf 83' lang='lat' dir='ltr'>longiuscula</span> <span class='ocrx_word' id='word_1_98' title='bbox 723 1211 827 1245; x_wconf 83' lang='lat' dir='ltr'>quidem</span> <span class='ocrx_word' id='word_1_99' title='bbox 842 1210 930 1241; x_wconf 85' lang='lat' dir='ltr'>verba,</span> <span class='ocrx_word' id='word_1_100' title='bbox 953 1210 1108 1244; x_wconf 80' lang='lat' dir='ltr'>pulchriora</span> <span class='ocrx_word' id='word_1_101' title='bbox 1127 1214 1215 1235; x_wconf 84' lang='lat' dir='ltr'>tamen</span> <span class='ocrx_word' id='word_1_102' title='bbox 1234 1209 1311 1243; x_wconf 65' lang='lat' dir='ltr'>quam</span> <span class='ocrx_word' id='word_1_103' title='bbox 1326 1214 1356 1235; x_wconf 87' lang='lat' dir='ltr'>ut</span> <span class='ocrx_word' id='word_1_104' title='bbox 1372 1218 1423 1235; x_wconf 89' lang='lat' dir='ltr'>non</span> <span class='ocrx_word' id='word_1_105' title='bbox 1444 1209 1630 1235; x_wconf 81' lang='lat' dir='ltr'>excribantur:</span> <span class='ocrx_word' id='word_1_106' title='bbox 1652 1213 1658 1222; x_wconf 77' lang='lat'>‘</span> <span class='ocrx_word' id='word_1_107' title='bbox 1673 1209 1752 1238; x_wconf 86' lang='lat' dir='ltr'>Quod</span> 
     </span>
     <span class='ocr_line' id='line_1_29' title="bbox 369 1254 1752 1290; baseline -0.001 -8"><span class='ocrx_word' id='word_1_108' title='bbox 369 1256 433 1282; x_wconf 81' lang='lat' dir='ltr'>mihi</span> <span class='ocrx_word' id='word_1_109' title='bbox 451 1257 561 1290; x_wconf 86' lang='lat' dir='ltr'>(inquit)</span> <span class='ocrx_word' id='word_1_110' title='bbox 582 1256 747 1290; x_wconf 87' lang='lat' dir='ltr'>propositum</span> <span class='ocrx_word' id='word_1_111' title='bbox 768 1259 835 1286; x_wconf 78' lang='lat' dir='ltr'>erat,</span> <span class='ocrx_word' id='word_1_112' title='bbox 857 1254 906 1279; x_wconf 90' lang='lat' dir='ltr'>nisi</span> <span class='ocrx_word' id='word_1_113' title='bbox 928 1254 1016 1283; x_wconf 81' lang='lat' dir='ltr'>fallor,</span> <span class='ocrx_word' id='word_1_114' title='bbox 1039 1254 1166 1279; x_wconf 77' lang='lat' dir='ltr'>hactenus</span> <span class='ocrx_word' id='word_1_115' title='bbox 1185 1263 1243 1279; x_wconf 86' lang='lat' dir='ltr'>sum</span> <span class='ocrx_word' id='word_1_116' title='bbox 1263 1259 1398 1280; x_wconf 80' lang='lat' dir='ltr'>executus.</span> <span class='ocrx_word' id='word_1_117' title='bbox 1438 1255 1469 1280; x_wconf 85' lang='lat' dir='ltr'>Id</span> <span class='ocrx_word' id='word_1_118' title='bbox 1489 1255 1539 1280; x_wconf 86' lang='lat' dir='ltr'>fuit</span> <span class='ocrx_word' id='word_1_119' title='bbox 1559 1259 1589 1280; x_wconf 90' lang='lat' dir='ltr'>ut</span> <span class='ocrx_word' id='word_1_120' title='bbox 1609 1259 1752 1289; x_wconf 76' lang='lat' dir='ltr'>agnoscant</span> 
     </span>
     <span class='ocr_line' id='line_1_30' title="bbox 369 1299 1752 1336; baseline -0.001 -9"><span class='ocrx_word' id='word_1_121' title='bbox 369 1301 459 1336; x_wconf 78' lang='lat' dir='ltr'>Belgae</span> <span class='ocrx_word' id='word_1_122' title='bbox 471 1302 556 1327; x_wconf 88' lang='lat' dir='ltr'>nostri</span> <span class='ocrx_word' id='word_1_123' title='bbox 569 1301 751 1326; x_wconf 84' lang='lat' dir='ltr'>Hibernorum</span> <span class='ocrx_word' id='word_1_124' title='bbox 764 1301 790 1326; x_wconf 88' lang='lat' dir='ltr'>in</span> <span class='ocrx_word' id='word_1_125' title='bbox 803 1309 830 1326; x_wconf 86' lang='lat' dir='ltr'>se</span> <span class='ocrx_word' id='word_1_126' title='bbox 844 1300 948 1329; x_wconf 85' lang='lat' dir='ltr'>merita,</span> <span class='ocrx_word' id='word_1_127' title='bbox 970 1308 1083 1334; x_wconf 87' lang='lat' dir='ltr'>quorum</span> <span class='ocrx_word' id='word_1_128' title='bbox 1097 1308 1178 1333; x_wconf 83' lang='lat' dir='ltr'>opera</span> <span class='ocrx_word' id='word_1_129' title='bbox 1190 1304 1237 1325; x_wconf 84' lang='lat' dir='ltr'>aut</span> <span class='ocrx_word' id='word_1_130' title='bbox 1254 1299 1410 1333; x_wconf 77' lang='lat' dir='ltr'>religionem</span> <span class='ocrx_word' id='word_1_131' title='bbox 1430 1305 1596 1334; x_wconf 77' lang='lat' dir='ltr'>acceperunt,</span> <span class='ocrx_word' id='word_1_132' title='bbox 1617 1305 1663 1326; x_wconf 87' lang='lat' dir='ltr'>aut</span> <span class='ocrx_word' id='word_1_133' title='bbox 1676 1309 1752 1334; x_wconf 87' lang='lat' dir='ltr'>quas-</span> 
     </span>
     <span class='ocr_line' id='line_1_31' title="bbox 369 1344 1752 1379; baseline -0.001 -7"><span class='ocrx_word' id='word_1_134' title='bbox 369 1347 430 1372; x_wconf 84' lang='lat' dir='ltr'>dam</span> <span class='ocrx_word' id='word_1_135' title='bbox 442 1347 528 1373; x_wconf 82' lang='lat' dir='ltr'>adhuc</span> <span class='ocrx_word' id='word_1_136' title='bbox 542 1350 708 1372; x_wconf 82' lang='lat' dir='ltr'>remanentes</span> <span class='ocrx_word' id='word_1_137' title='bbox 721 1355 753 1371; x_wconf 76' lang='lat' dir='ltr'>ex</span> <span class='ocrx_word' id='word_1_138' title='bbox 766 1346 873 1379; x_wconf 72' lang='lat' dir='ltr'>antiqua</span> <span class='ocrx_word' id='word_1_139' title='bbox 886 1345 1074 1379; x_wconf 80' lang='lat' dir='ltr'>superstitione</span> <span class='ocrx_word' id='word_1_140' title='bbox 1087 1344 1208 1370; x_wconf 80' lang='lat' dir='ltr'>tenebras</span> <span class='ocrx_word' id='word_1_141' title='bbox 1222 1345 1389 1379; x_wconf 80' lang='lat' dir='ltr'>depulerunt,</span> <span class='ocrx_word' id='word_1_142' title='bbox 1409 1349 1455 1370; x_wconf 79' lang='lat' dir='ltr'>aut</span> <span class='ocrx_word' id='word_1_143' title='bbox 1468 1345 1494 1370; x_wconf 92' lang='lat' dir='ltr'>in</span> <span class='ocrx_word' id='word_1_144' title='bbox 1507 1344 1558 1370; x_wconf 83' lang='lat' dir='ltr'>fide</span> <span class='ocrx_word' id='word_1_145' title='bbox 1570 1349 1678 1379; x_wconf 78' lang='lat' dir='ltr'>accepta</span> <span class='ocrx_word' id='word_1_146' title='bbox 1691 1354 1752 1370; x_wconf 92' lang='lat' dir='ltr'>con-</span> 
     </span>
     <span class='ocr_line' id='line_1_32' title="bbox 368 1390 1752 1426; baseline -0.001 -8"><span class='ocrx_word' id='word_1_147' title='bbox 368 1392 467 1418; x_wconf 79' lang='lat' dir='ltr'>firmati</span> <span class='ocrx_word' id='word_1_148' title='bbox 480 1396 549 1418; x_wconf 89' lang='lat' dir='ltr'>sunt.</span> <span class='ocrx_word' id='word_1_149' title='bbox 583 1392 659 1417; x_wconf 85' lang='lat' dir='ltr'>Viros</span> <span class='ocrx_word' id='word_1_150' title='bbox 673 1391 794 1426; x_wconf 83' lang='lat' dir='ltr'>produxi,</span> <span class='ocrx_word' id='word_1_151' title='bbox 817 1395 843 1416; x_wconf 86' lang='lat' dir='ltr'>et</span> <span class='ocrx_word' id='word_1_152' title='bbox 858 1391 939 1416; x_wconf 80' lang='lat' dir='ltr'>Divos</span> <span class='ocrx_word' id='word_1_153' title='bbox 953 1399 1005 1415; x_wconf 93' lang='lat' dir='ltr'>non</span> <span class='ocrx_word' id='word_1_154' title='bbox 1018 1399 1110 1415; x_wconf 87' lang='lat' dir='ltr'>eorum</span> <span class='ocrx_word' id='word_1_155' title='bbox 1124 1390 1199 1420; x_wconf 87' lang='lat' dir='ltr'>vitas,</span> <span class='ocrx_word' id='word_1_156' title='bbox 1221 1390 1270 1415; x_wconf 86' lang='lat' dir='ltr'>nisi</span> <span class='ocrx_word' id='word_1_157' title='bbox 1285 1390 1354 1415; x_wconf 66' lang='lat' dir='ltr'>sorte</span> <span class='ocrx_word' id='word_1_158' title='bbox 1368 1390 1527 1415; x_wconf 84' lang='lat' dir='ltr'>summatim.</span> <span class='ocrx_word' id='word_1_159' title='bbox 1569 1390 1661 1424; x_wconf 84' lang='lat' dir='ltr'>Neque</span> <span class='ocrx_word' id='word_1_160' title='bbox 1683 1391 1752 1416; x_wconf 77' lang='lat' dir='ltr'>enim</span> 
     </span>
     <span class='ocr_line' id='line_1_33' title="bbox 368 1435 1751 1473; baseline -0.002 -9"><span class='ocrx_word' id='word_1_161' title='bbox 368 1439 533 1473; x_wconf 85' lang='lat' dir='ltr'>propositum</span> <span class='ocrx_word' id='word_1_162' title='bbox 547 1439 622 1464; x_wconf 87' lang='lat' dir='ltr'>nobis</span> <span class='ocrx_word' id='word_1_163' title='bbox 635 1438 684 1463; x_wconf 85' lang='lat' dir='ltr'>hoc</span> <span class='ocrx_word' id='word_1_164' title='bbox 698 1438 757 1463; x_wconf 85' lang='lat' dir='ltr'>fuit.</span> <span class='ocrx_word' id='word_1_165' title='bbox 799 1437 892 1463; x_wconf 90' lang='lat' dir='ltr'>Plures</span> <span class='ocrx_word' id='word_1_166' title='bbox 906 1437 959 1462; x_wconf 83' lang='lat' dir='ltr'>scio</span> <span class='ocrx_word' id='word_1_167' title='bbox 977 1437 1009 1461; x_wconf 89' lang='lat' dir='ltr'>ab</span> <span class='ocrx_word' id='word_1_168' title='bbox 1025 1436 1071 1461; x_wconf 87' lang='lat' dir='ltr'>illa</span> <span class='ocrx_word' id='word_1_169' title='bbox 1086 1436 1245 1461; x_wconf 88' lang='lat' dir='ltr'>Sanctorum</span> <span class='ocrx_word' id='word_1_170' title='bbox 1263 1436 1351 1461; x_wconf 81' lang='lat' dir='ltr'>Insula</span> <span class='ocrx_word' id='word_1_171' title='bbox 1364 1435 1503 1470; x_wconf 81' lang='lat' dir='ltr'>prodijsse,</span> <span class='ocrx_word' id='word_1_172' title='bbox 1517 1435 1562 1461; x_wconf 88' lang='lat' dir='ltr'>sed</span> <span class='ocrx_word' id='word_1_173' title='bbox 1575 1435 1640 1460; x_wconf 72' lang='lat' dir='ltr'>bene</span> <span class='ocrx_word' id='word_1_174' title='bbox 1655 1436 1751 1461; x_wconf 85' lang='lat' dir='ltr'>mereri</span> 
     </span>
     <span class='ocr_line' id='line_1_34' title="bbox 369 1480 1752 1517; baseline -0.002 -7"><span class='ocrx_word' id='word_1_175' title='bbox 369 1484 401 1509; x_wconf 88' lang='lat' dir='ltr'>de</span> <span class='ocrx_word' id='word_1_176' title='bbox 414 1484 478 1510; x_wconf 87' lang='lat' dir='ltr'>orbe</span> <span class='ocrx_word' id='word_1_177' title='bbox 491 1488 555 1515; x_wconf 71' lang='lat' dir='ltr'>toto,</span> <span class='ocrx_word' id='word_1_178' title='bbox 576 1493 627 1509; x_wconf 91' lang='lat' dir='ltr'>non</span> <span class='ocrx_word' id='word_1_179' title='bbox 642 1484 673 1509; x_wconf 89' lang='lat' dir='ltr'>de</span> <span class='ocrx_word' id='word_1_180' title='bbox 690 1483 783 1517; x_wconf 80' lang='lat' dir='ltr'>Belgio</span> <span class='ocrx_word' id='word_1_181' title='bbox 802 1482 905 1508; x_wconf 71' lang='lat' dir='ltr'>tantum</span> <span class='ocrx_word' id='word_1_182' title='bbox 919 1482 1070 1507; x_wconf 86' lang='lat' dir='ltr'>voluerunt.</span> <span class='ocrx_word' id='word_1_183' title='bbox 1112 1481 1183 1506; x_wconf 89' lang='lat' dir='ltr'>Alibi</span> <span class='ocrx_word' id='word_1_184' title='bbox 1204 1481 1315 1515; x_wconf 72' lang='lat' dir='ltr'>proinde</span> <span class='ocrx_word' id='word_1_185' title='bbox 1338 1481 1417 1506; x_wconf 84' lang='lat' dir='ltr'>etiam</span> <span class='ocrx_word' id='word_1_186' title='bbox 1439 1480 1574 1514; x_wconf 82' lang='lat' dir='ltr'>religionis</span> <span class='ocrx_word' id='word_1_187' title='bbox 1595 1481 1752 1507; x_wconf 81' lang='lat' dir='ltr'>Christianae</span> 
     </span>
     <span class='ocr_line' id='line_1_35' title="bbox 368 1525 1751 1563; baseline -0.004 -8"><span class='ocrx_word' id='word_1_188' title='bbox 368 1529 454 1563; x_wconf 82' lang='lat' dir='ltr'>legem</span> <span class='ocrx_word' id='word_1_189' title='bbox 473 1529 685 1563; x_wconf 87' lang='lat' dir='ltr'>promulgarunt.</span> <span class='ocrx_word' id='word_1_190' title='bbox 713 1528 868 1562; x_wconf 89' lang='lat' dir='ltr'>Loquentur</span> <span class='ocrx_word' id='word_1_191' title='bbox 882 1536 974 1552; x_wconf 87' lang='lat' dir='ltr'>eorum</span> <span class='ocrx_word' id='word_1_192' title='bbox 986 1527 1083 1553; x_wconf 85' lang='lat' dir='ltr'>merita</span> <span class='ocrx_word' id='word_1_193' title='bbox 1096 1526 1215 1552; x_wconf 85' lang='lat' dir='ltr'>nationes</span> <span class='ocrx_word' id='word_1_194' title='bbox 1228 1526 1293 1555; x_wconf 66' lang='lat' dir='ltr'>alien,</span> <span class='ocrx_word' id='word_1_195' title='bbox 1308 1534 1355 1550; x_wconf 85' lang='lat' dir='ltr'>nee</span> <span class='ocrx_word' id='word_1_196' title='bbox 1369 1525 1505 1551; x_wconf 76' lang='lat' dir='ltr'>obliterari</span> <span class='ocrx_word' id='word_1_197' title='bbox 1525 1530 1674 1559; x_wconf 88' lang='lat' dir='ltr'>temporum</span> <span class='ocrx_word' id='word_1_198' title='bbox 1688 1525 1751 1550; x_wconf 86' lang='lat' dir='ltr'>obli-</span> 
     </span>
     <span class='ocr_line' id='line_1_36' title="bbox 369 1572 1751 1609; baseline -0.003 -9"><span class='ocrx_word' id='word_1_199' title='bbox 369 1575 445 1600; x_wconf 89' lang='lat' dir='ltr'>vione</span> <span class='ocrx_word' id='word_1_200' title='bbox 465 1575 658 1609; x_wconf 85' lang='lat' dir='ltr'>permitterent,</span> <span class='ocrx_word' id='word_1_201' title='bbox 679 1583 743 1609; x_wconf 84' lang='lat' dir='ltr'>quos</span> <span class='ocrx_word' id='word_1_202' title='bbox 763 1575 824 1608; x_wconf 60' lang='lat' dir='ltr'>ipsae</span> <span class='ocrx_word' id='word_1_203' title='bbox 845 1574 930 1599; x_wconf 89' lang='lat' dir='ltr'>solent</span> <span class='ocrx_word' id='word_1_204' title='bbox 952 1573 1043 1599; x_wconf 85' lang='lat' dir='ltr'>salutis</span> <span class='ocrx_word' id='word_1_205' title='bbox 1065 1582 1119 1598; x_wconf 86' lang='lat' dir='ltr'>suae</span> <span class='ocrx_word' id='word_1_206' title='bbox 1141 1573 1275 1598; x_wconf 83' lang='lat' dir='ltr'>celebrare</span> <span class='ocrx_word' id='word_1_207' title='bbox 1293 1576 1390 1606; x_wconf 88' lang='lat' dir='ltr'>patres,</span> <span class='ocrx_word' id='word_1_208' title='bbox 1410 1572 1469 1597; x_wconf 83' lang='lat' dir='ltr'>vitae</span> <span class='ocrx_word' id='word_1_209' title='bbox 1489 1575 1622 1605; x_wconf 80' lang='lat' dir='ltr'>patronos.</span> <span class='ocrx_word' id='word_1_210' title='bbox 1664 1572 1751 1597; x_wconf 83' lang='lat' dir='ltr'>Fateri</span> 
     </span>
     <span class='ocr_line' id='line_1_37' title="bbox 369 1617 1750 1655; baseline -0.003 -9"><span class='ocrx_word' id='word_1_211' title='bbox 369 1626 458 1646; x_wconf 84' lang='lat' dir='ltr'>autem</span> <span class='ocrx_word' id='word_1_212' title='bbox 471 1629 562 1655; x_wconf 79' lang='lat' dir='ltr'>cogor,</span> <span class='ocrx_word' id='word_1_213' title='bbox 575 1625 602 1646; x_wconf 89' lang='lat' dir='ltr'>et</span> <span class='ocrx_word' id='word_1_214' title='bbox 614 1620 726 1655; x_wconf 86' lang='lat' dir='ltr'>impellit</span> <span class='ocrx_word' id='word_1_215' title='bbox 738 1629 780 1646; x_wconf 89' lang='lat' dir='ltr'>me</span> <span class='ocrx_word' id='word_1_216' title='bbox 794 1620 899 1649; x_wconf 84' lang='lat' dir='ltr'>veritas,</span> <span class='ocrx_word' id='word_1_217' title='bbox 913 1624 1019 1654; x_wconf 82' lang='lat' dir='ltr'>gentem</span> <span class='ocrx_word' id='word_1_218' title='bbox 1033 1619 1132 1645; x_wconf 83' lang='lat' dir='ltr'>nullam</span> <span class='ocrx_word' id='word_1_219' title='bbox 1145 1619 1223 1644; x_wconf 83' lang='lat' dir='ltr'>aliam</span> <span class='ocrx_word' id='word_1_220' title='bbox 1238 1619 1376 1652; x_wconf 75' lang='lat' dir='ltr'>tantopore</span> <span class='ocrx_word' id='word_1_221' title='bbox 1390 1618 1416 1643; x_wconf 91' lang='lat' dir='ltr'>in</span> <span class='ocrx_word' id='word_1_222' title='bbox 1429 1617 1541 1643; x_wconf 80' lang='lat' dir='ltr'>aliorum</span> <span class='ocrx_word' id='word_1_223' title='bbox 1554 1617 1665 1643; x_wconf 84' lang='lat' dir='ltr'>salutem</span> <span class='ocrx_word' id='word_1_224' title='bbox 1678 1617 1750 1642; x_wconf 89' lang='lat' dir='ltr'>incu-</span> 
     </span>
     <span class='ocr_line' id='line_1_38' title="bbox 369 1663 1750 1700; baseline -0.003 -8"><span class='ocrx_word' id='word_1_225' title='bbox 369 1667 464 1692; x_wconf 89' lang='lat' dir='ltr'>buisse.</span> <span class='ocrx_word' id='word_1_226' title='bbox 505 1667 615 1692; x_wconf 85' lang='lat' dir='ltr'>Utinam</span> <span class='ocrx_word' id='word_1_227' title='bbox 637 1667 676 1698; x_wconf 89' lang='lat' dir='ltr'>(et</span> <span class='ocrx_word' id='word_1_228' title='bbox 698 1666 748 1692; x_wconf 85' lang='lat' dir='ltr'>hoe</span> <span class='ocrx_word' id='word_1_229' title='bbox 767 1670 858 1692; x_wconf 91' lang='lat' dir='ltr'>votum</span> <span class='ocrx_word' id='word_1_230' title='bbox 881 1674 1033 1700; x_wconf 82' lang='lat' dir='ltr'>supremum</span> <span class='ocrx_word' id='word_1_231' title='bbox 1056 1665 1102 1698; x_wconf 89' lang='lat' dir='ltr'>sit)</span> <span class='ocrx_word' id='word_1_232' title='bbox 1125 1665 1188 1691; x_wconf 72' lang='lat' dir='ltr'>cum</span> <span class='ocrx_word' id='word_1_233' title='bbox 1205 1665 1250 1698; x_wconf 89' lang='lat' dir='ltr'>alij</span> <span class='ocrx_word' id='word_1_234' title='bbox 1272 1673 1370 1694; x_wconf 89' lang='lat' dir='ltr'>omnes,</span> <span class='ocrx_word' id='word_1_235' title='bbox 1388 1663 1445 1689; x_wconf 75' lang='lat' dir='ltr'>tum</span> <span class='ocrx_word' id='word_1_236' title='bbox 1467 1672 1514 1688; x_wconf 92' lang='lat' dir='ltr'>nos</span> <span class='ocrx_word' id='word_1_237' title='bbox 1534 1663 1630 1697; x_wconf 66' lang='lat' dir='ltr'>Belgae,</span> <span class='ocrx_word' id='word_1_238' title='bbox 1646 1668 1750 1689; x_wconf 85' lang='lat' dir='ltr'>tantum</span> 
     </span>
     <span class='ocr_line' id='line_1_39' title="bbox 367 1708 1750 1746; baseline -0.003 -9"><span class='ocrx_word' id='word_1_239' title='bbox 367 1716 481 1746; x_wconf 69' lang='lat' dir='ltr'>accepta&gt;</span> <span class='ocrx_word' id='word_1_240' title='bbox 493 1711 628 1745; x_wconf 84' lang='lat' dir='ltr'>religionis</span> <span class='ocrx_word' id='word_1_241' title='bbox 648 1712 803 1737; x_wconf 85' lang='lat' dir='ltr'>beneficium</span> <span class='ocrx_word' id='word_1_242' title='bbox 821 1720 1003 1746; x_wconf 81' lang='lat' dir='ltr'>agnoscamus.</span> <span class='ocrx_word' id='word_1_243' title='bbox 1044 1711 1099 1736; x_wconf 89' lang='lat' dir='ltr'>Sub</span> <span class='ocrx_word' id='word_1_244' title='bbox 1109 1711 1176 1745; x_wconf 86' lang='lat' dir='ltr'>jugo</span> <span class='ocrx_word' id='word_1_245' title='bbox 1190 1710 1321 1736; x_wconf 86' lang='lat' dir='ltr'>haereticae</span> <span class='ocrx_word' id='word_1_246' title='bbox 1340 1709 1486 1743; x_wconf 74' lang='lat' dir='ltr'>tyrannidis</span> <span class='ocrx_word' id='word_1_247' title='bbox 1505 1708 1653 1742; x_wconf 77' lang='lat' dir='ltr'>ingemiseit</span> <span class='ocrx_word' id='word_1_248' title='bbox 1672 1708 1750 1734; x_wconf 72' lang='lat' dir='ltr'>hodie</span> 
     </span>
     <span class='ocr_line' id='line_1_40' title="bbox 369 1753 1749 1792; baseline -0.002 -10"><span class='ocrx_word' id='word_1_249' title='bbox 369 1766 433 1792; x_wconf 87' lang='lat' dir='ltr'>gens</span> <span class='ocrx_word' id='word_1_250' title='bbox 449 1756 602 1785; x_wconf 67' lang='lat' dir='ltr'>Hffiernica,</span> <span class='ocrx_word' id='word_1_251' title='bbox 617 1760 643 1781; x_wconf 93' lang='lat' dir='ltr'>et</span> <span class='ocrx_word' id='word_1_252' title='bbox 660 1760 749 1781; x_wconf 85' lang='lat' dir='ltr'>tamen</span> <span class='ocrx_word' id='word_1_253' title='bbox 767 1755 984 1781; x_wconf 83' lang='lat' dir='ltr'>constantissimis</span> <span class='ocrx_word' id='word_1_254' title='bbox 1003 1755 1095 1780; x_wconf 85' lang='lat' dir='ltr'>animis</span> <span class='ocrx_word' id='word_1_255' title='bbox 1116 1755 1271 1789; x_wconf 82' lang='lat' dir='ltr'>religionem</span> <span class='ocrx_word' id='word_1_256' title='bbox 1287 1754 1400 1783; x_wconf 84' lang='lat' dir='ltr'>retinet;</span> <span class='ocrx_word' id='word_1_257' title='bbox 1420 1762 1468 1779; x_wconf 89' lang='lat' dir='ltr'>nec</span> <span class='ocrx_word' id='word_1_258' title='bbox 1482 1753 1537 1778; x_wconf 83' lang='lat' dir='ltr'>ulla</span> <span class='ocrx_word' id='word_1_259' title='bbox 1549 1753 1586 1778; x_wconf 91' lang='lat' dir='ltr'>vis</span> <span class='ocrx_word' id='word_1_260' title='bbox 1600 1757 1749 1787; x_wconf 78' lang='lat' dir='ltr'>extorquet.</span> 
     </span>
     <span class='ocr_line' id='line_1_41' title="bbox 372 1797 1750 1835; baseline -0.004 -8"><span class='ocrx_word' id='word_1_261' title='bbox 372 1803 430 1828; x_wconf 87' lang='lat' dir='ltr'>Nec</span> <span class='ocrx_word' id='word_1_262' title='bbox 442 1801 577 1835; x_wconf 81' lang='lat' dir='ltr'>frangitur</span> <span class='ocrx_word' id='word_1_263' title='bbox 594 1805 720 1835; x_wconf 80' lang='lat' dir='ltr'>egestate,</span> <span class='ocrx_word' id='word_1_264' title='bbox 733 1810 780 1826; x_wconf 88' lang='lat' dir='ltr'>nec</span> <span class='ocrx_word' id='word_1_265' title='bbox 794 1805 880 1826; x_wconf 87' lang='lat' dir='ltr'>morte</span> <span class='ocrx_word' id='word_1_266' title='bbox 894 1800 1057 1830; x_wconf 82' lang='lat' dir='ltr'>exhauritur,</span> <span class='ocrx_word' id='word_1_267' title='bbox 1072 1800 1167 1826; x_wconf 87' lang='lat' dir='ltr'>fortior</span> <span class='ocrx_word' id='word_1_268' title='bbox 1180 1800 1237 1834; x_wconf 86' lang='lat' dir='ltr'>ipsa</span> <span class='ocrx_word' id='word_1_269' title='bbox 1249 1799 1395 1834; x_wconf 84' lang='lat' dir='ltr'>tyrannide.</span> <span class='ocrx_word' id='word_1_270' title='bbox 1429 1798 1514 1824; x_wconf 73' lang='lat' dir='ltr'>Immo</span> <span class='ocrx_word' id='word_1_271' title='bbox 1527 1798 1599 1832; x_wconf 88' lang='lat' dir='ltr'>quod</span> <span class='ocrx_word' id='word_1_272' title='bbox 1612 1798 1673 1823; x_wconf 89' lang='lat' dir='ltr'>olim</span> <span class='ocrx_word' id='word_1_273' title='bbox 1687 1797 1750 1823; x_wconf 88' lang='lat' dir='ltr'>fecit</span> 
     </span>
     <span class='ocr_line' id='line_1_42' title="bbox 370 1842 1749 1878; baseline -0.003 -7"><span class='ocrx_word' id='word_1_274' title='bbox 370 1846 397 1871; x_wconf 90' lang='lat' dir='ltr'>in</span> <span class='ocrx_word' id='word_1_275' title='bbox 410 1845 506 1871; x_wconf 88' lang='lat' dir='ltr'>alienas</span> <span class='ocrx_word' id='word_1_276' title='bbox 520 1845 638 1870; x_wconf 81' lang='lat' dir='ltr'>nationes</span> <span class='ocrx_word' id='word_1_277' title='bbox 658 1845 792 1876; x_wconf 83' lang='lat' dir='ltr'>diffundit,</span> <span class='ocrx_word' id='word_1_278' title='bbox 814 1848 844 1870; x_wconf 88' lang='lat' dir='ltr'>ut</span> <span class='ocrx_word' id='word_1_279' title='bbox 857 1844 913 1870; x_wconf 85' lang='lat' dir='ltr'>aliis</span> <span class='ocrx_word' id='word_1_280' title='bbox 926 1844 1020 1878; x_wconf 86' lang='lat' dir='ltr'>prosit,</span> <span class='ocrx_word' id='word_1_281' title='bbox 1039 1844 1065 1869; x_wconf 94' lang='lat' dir='ltr'>in</span> <span class='ocrx_word' id='word_1_282' title='bbox 1077 1844 1164 1878; x_wconf 85' lang='lat' dir='ltr'>patria</span> <span class='ocrx_word' id='word_1_283' title='bbox 1176 1844 1244 1869; x_wconf 88' lang='lat' dir='ltr'>inter</span> <span class='ocrx_word' id='word_1_284' title='bbox 1258 1848 1299 1869; x_wconf 88' lang='lat' dir='ltr'>tot</span> <span class='ocrx_word' id='word_1_285' title='bbox 1310 1843 1427 1877; x_wconf 82' lang='lat' dir='ltr'>pericula</span> <span class='ocrx_word' id='word_1_286' title='bbox 1447 1842 1575 1873; x_wconf 82' lang='lat' dir='ltr'>subsistit,</span> <span class='ocrx_word' id='word_1_287' title='bbox 1594 1846 1624 1868; x_wconf 89' lang='lat' dir='ltr'>ut</span> <span class='ocrx_word' id='word_1_288' title='bbox 1637 1842 1685 1867; x_wconf 92' lang='lat' dir='ltr'>sibi</span> <span class='ocrx_word' id='word_1_289' title='bbox 1698 1852 1749 1868; x_wconf 89' lang='lat' dir='ltr'>non</span> 
     </span>
     <span class='ocr_line' id='line_1_43' title="bbox 371 1888 1748 1924; baseline -0.001 -8"><span class='ocrx_word' id='word_1_290' title='bbox 371 1890 447 1916; x_wconf 83' lang='lat' dir='ltr'>desit.</span> <span class='ocrx_word' id='word_1_291' title='bbox 487 1889 625 1915; x_wconf 84' lang='lat' dir='ltr'>Illucesset</span> <span class='ocrx_word' id='word_1_292' title='bbox 644 1889 784 1924; x_wconf 85' lang='lat' dir='ltr'>aliquando</span> <span class='ocrx_word' id='word_1_293' title='bbox 804 1889 884 1915; x_wconf 90' lang='lat' dir='ltr'>dubio</span> <span class='ocrx_word' id='word_1_294' title='bbox 903 1888 997 1923; x_wconf 89' lang='lat' dir='ltr'>procul</span> <span class='ocrx_word' id='word_1_295' title='bbox 1009 1888 1055 1914; x_wconf 81' lang='lat' dir='ltr'>illa</span> <span class='ocrx_word' id='word_1_296' title='bbox 1067 1888 1122 1914; x_wconf 89' lang='lat' dir='ltr'>dies</span> <span class='ocrx_word' id='word_1_297' title='bbox 1135 1898 1186 1923; x_wconf 93' lang='lat' dir='ltr'>quo</span> <span class='ocrx_word' id='word_1_298' title='bbox 1206 1889 1232 1914; x_wconf 93' lang='lat' dir='ltr'>in</span> <span class='ocrx_word' id='word_1_299' title='bbox 1254 1889 1411 1914; x_wconf 71' lang='lat' dir='ltr'>Christianae</span> <span class='ocrx_word' id='word_1_300' title='bbox 1432 1888 1568 1922; x_wconf 85' lang='lat' dir='ltr'>religionis</span> <span class='ocrx_word' id='word_1_301' title='bbox 1589 1889 1748 1917; x_wconf 85' lang='lat' dir='ltr'>libertatem,</span> 
     </span>
     <span class='ocr_line' id='line_1_44' title="bbox 371 1923 1747 1968; baseline -0.001 -8"><span class='ocrx_word' id='word_1_302' title='bbox 371 1934 429 1960; x_wconf 86' lang='lat' dir='ltr'>Deo</span> <span class='ocrx_word' id='word_1_303' title='bbox 443 1933 565 1968; x_wconf 87' lang='lat' dir='ltr'>propitio,</span> <span class='ocrx_word' id='word_1_304' title='bbox 579 1937 620 1959; x_wconf 83' lang='lat' dir='ltr'>tot</span> <span class='ocrx_word' id='word_1_305' title='bbox 629 1932 761 1958; x_wconf 85' lang='lat' dir='ltr'>Divorurn</span> <span class='ocrx_word' id='word_1_306' title='bbox 774 1942 883 1958; x_wconf 88' lang='lat' dir='ltr'>suorum</span> <span class='ocrx_word' id='word_1_307' title='bbox 896 1933 997 1958; x_wconf 82' lang='lat' dir='ltr'>meritis</span> <span class='ocrx_word' id='word_1_308' title='bbox 1010 1937 1152 1963; x_wconf 79' lang='lat' dir='ltr'>asseretur,</span> <span class='ocrx_word' id='word_1_309' title='bbox 1166 1932 1345 1966; x_wconf 87' lang='lat' dir='ltr'>sedjuvemus</span> <span class='ocrx_word' id='word_1_310' title='bbox 1358 1923 1458 1958; x_wconf 64' lang='lat' dir='ltr'>interea</span> <span class='ocrx_word' id='word_1_311' title='bbox 1470 1933 1514 1966; x_wconf 86' lang='lat' dir='ltr'>qui</span> <span class='ocrx_word' id='word_1_312' title='bbox 1528 1933 1638 1967; x_wconf 86' lang='lat' dir='ltr'>obligati</span> <span class='ocrx_word' id='word_1_313' title='bbox 1651 1942 1747 1963; x_wconf 87' lang='lat' dir='ltr'>sumus,</span> 
     </span>
     <span class='ocr_line' id='line_1_45' title="bbox 370 1978 1748 2013; baseline -0.001 -8"><span class='ocrx_word' id='word_1_314' title='bbox 370 1988 478 2005; x_wconf 89' lang='lat' dir='ltr'>manum</span> <span class='ocrx_word' id='word_1_315' title='bbox 497 1979 673 2013; x_wconf 86' lang='lat' dir='ltr'>porrigamus,</span> <span class='ocrx_word' id='word_1_316' title='bbox 696 1978 740 2012; x_wconf 88' lang='lat' dir='ltr'>qui</span> <span class='ocrx_word' id='word_1_317' title='bbox 761 1978 916 2004; x_wconf 84' lang='lat' dir='ltr'>beneficium</span> <span class='ocrx_word' id='word_1_318' title='bbox 937 1978 1093 2012; x_wconf 88' lang='lat' dir='ltr'>accepimus.</span> <span class='ocrx_word' id='word_1_319' title='bbox 1135 1979 1166 2004; x_wconf 89' lang='lat' dir='ltr'>Id</span> <span class='ocrx_word' id='word_1_320' title='bbox 1185 1987 1276 2008; x_wconf 88' lang='lat' dir='ltr'>voveo,</span> <span class='ocrx_word' id='word_1_321' title='bbox 1297 1982 1408 2003; x_wconf 82' lang='lat' dir='ltr'>voveant</span> <span class='ocrx_word' id='word_1_322' title='bbox 1432 1986 1531 2010; x_wconf 86' lang='lat' dir='ltr'>omnes,</span> <span class='ocrx_word' id='word_1_323' title='bbox 1552 1978 1664 2008; x_wconf 85' lang='lat' dir='ltr'>faveant,</span> <span class='ocrx_word' id='word_1_324' title='bbox 1685 1988 1748 2012; x_wconf 89' lang='lat' dir='ltr'>quos</span> 
     </span>
     <span class='ocr_line' id='line_1_46' title="bbox 371 2024 556 2059; baseline -0.005 -9"><span class='ocrx_word' id='word_1_325' title='bbox 371 2024 464 2059; x_wconf 83' lang='lat' dir='ltr'>scripsi</span> <span class='ocrx_word' id='word_1_326' title='bbox 480 2024 556 2049; x_wconf 86' lang='lat' dir='ltr'>Dei.’‘</span> 
     </span>
    </p>

    <p class='ocr_par' dir='ltr' id='par_1_19' title="bbox 425 2067 1748 2104">
     <span class='ocr_line' id='line_1_47' title="bbox 425 2067 1748 2104; baseline -0.001 -9"><span class='ocrx_word' id='word_1_327' title='bbox 425 2069 585 2104; x_wconf 86' lang='lat' dir='ltr'>Respeeting</span> <span class='ocrx_word' id='word_1_328' title='bbox 597 2069 642 2094; x_wconf 90' lang='lat' dir='ltr'>the</span> <span class='ocrx_word' id='word_1_329' title='bbox 657 2068 727 2094; x_wconf 87' lang='lat' dir='ltr'>Irish</span> <span class='ocrx_word' id='word_1_330' title='bbox 743 2068 851 2102; x_wconf 87' lang='lat' dir='ltr'>College</span> <span class='ocrx_word' id='word_1_331' title='bbox 864 2068 893 2094; x_wconf 86' lang='lat' dir='ltr'>of</span> <span class='ocrx_word' id='word_1_332' title='bbox 903 2067 941 2094; x_wconf 90' lang='lat' dir='ltr'>St.</span> <span class='ocrx_word' id='word_1_333' title='bbox 958 2068 1060 2100; x_wconf 83' lang='lat' dir='ltr'>Omers,</span> <span class='ocrx_word' id='word_1_334' title='bbox 1073 2069 1100 2094; x_wconf 89' lang='lat' dir='ltr'>in</span> <span class='ocrx_word' id='word_1_335' title='bbox 1110 2069 1154 2094; x_wconf 86' lang='lat' dir='ltr'>the</span> <span class='ocrx_word' id='word_1_336' title='bbox 1166 2068 1354 2099; x_wconf 70' lang='lat' dir='ltr'>Nefflerlands,</span> <span class='ocrx_word' id='word_1_337' title='bbox 1375 2072 1402 2094; x_wconf 85' lang='lat' dir='ltr'>at</span> <span class='ocrx_word' id='word_1_338' title='bbox 1412 2068 1498 2094; x_wconf 80' lang='lat' dir='ltr'>which</span> <span class='ocrx_word' id='word_1_339' title='bbox 1512 2069 1620 2094; x_wconf 88' lang='lat' dir='ltr'>Colonel</span> <span class='ocrx_word' id='word_1_340' title='bbox 1634 2069 1748 2103; x_wconf 84' lang='lat' dir='ltr'>O¹Kelly</span> 
     </span>
    </p>
   </div>
   <div class='ocr_carea' id='block_1_7' title="bbox 371 2113 1748 2193">
    <p class='ocr_par' dir='ltr' id='par_1_20' title="bbox 371 2113 1748 2193">
     <span class='ocr_line' id='line_1_48' title="bbox 371 2113 1747 2149; baseline -0.001 -9"><span class='ocrx_word' id='word_1_341' title='bbox 371 2114 491 2140; x_wconf 87' lang='lat' dir='ltr'>received</span> <span class='ocrx_word' id='word_1_342' title='bbox 503 2114 543 2141; x_wconf 86' lang='lat' dir='ltr'>his</span> <span class='ocrx_word' id='word_1_343' title='bbox 557 2114 704 2146; x_wconf 83' lang='lat' dir='ltr'>edueation,</span> <span class='ocrx_word' id='word_1_344' title='bbox 725 2113 828 2144; x_wconf 78' lang='lat' dir='ltr'>Harris,</span> <span class='ocrx_word' id='word_1_345' title='bbox 845 2113 871 2139; x_wconf 88' lang='lat' dir='ltr'>in</span> <span class='ocrx_word' id='word_1_346' title='bbox 884 2113 924 2140; x_wconf 89' lang='lat' dir='ltr'>his</span> <span class='ocrx_word' id='word_1_347' title='bbox 937 2118 1050 2140; x_wconf 82' lang='lat' dir='ltr'>account</span> <span class='ocrx_word' id='word_1_348' title='bbox 1063 2114 1094 2140; x_wconf 90' lang='lat' dir='ltr'>of</span> <span class='ocrx_word' id='word_1_349' title='bbox 1104 2114 1168 2140; x_wconf 86' lang='lat' dir='ltr'>such</span> <span class='ocrx_word' id='word_1_350' title='bbox 1184 2114 1253 2140; x_wconf 88' lang='lat' dir='ltr'>Irish</span> <span class='ocrx_word' id='word_1_351' title='bbox 1266 2113 1485 2144; x_wconf 85' lang='lat' dir='ltr'>establishments‚</span> <span class='ocrx_word' id='word_1_352' title='bbox 1504 2114 1563 2149; x_wconf 86' lang='lat' dir='ltr'>only</span> <span class='ocrx_word' id='word_1_353' title='bbox 1575 2115 1646 2149; x_wconf 88' lang='lat' dir='ltr'>gives</span> <span class='ocrx_word' id='word_1_354' title='bbox 1659 2123 1689 2140; x_wconf 90' lang='lat' dir='ltr'>us</span> <span class='ocrx_word' id='word_1_355' title='bbox 1703 2115 1747 2140; x_wconf 86' lang='lat' dir='ltr'>the</span> 
     </span>
     <span class='ocr_line' id='line_1_49' title="bbox 1614 2158 1748 2193; baseline 0 -9"><span class='ocrx_word' id='word_1_356' title='bbox 1614 2158 1748 2193; x_wconf 83' lang='lat' dir='ltr'>following</span> 
     </span>
    </p>
   </div>
  </div>
 </body>
</html>
