1929 2600
377 269 446 303 504
969 250 1002 285 A
1002 249 1168 298 ppenclz'oe.

1042 377 1094 402 111.

378 447 553 472 ALEXANDER
568 445 721 480 Episcopus,
742 453 834 470 servus
848 453 985 470 servorum
996 444 1056 476 Dei,
1076 444 1179 470 dilectis
1191 443 1260 473 filiis,
1278 443 1409 469 nobilibus
1422 443 1492 472 viris,
1514 443 1631 477 Regibus
1645 444 1667 468 &
1682 443 1757 468 Prin-

376 492 476 526 cipibus
492 490 642 525 Hyberniae,
664 490 783 516 Salutem
803 490 826 516 δι
840 490 846 505 ¹
858 489 1012 524 Apostoliea
1027 489 1125 515 Bened.
1169 488 1223 514 Ubi
1242 488 1374 514 communi
1393 488 1471 517 fama,
1489 489 1511 513 &
1531 493 1605 513 certa
1623 488 1759 519 relatione,

377 537 520 570 plurimum
534 536 608 562 nobis
620 535 779 565 2immotuit,
793 535 863 570 quod
872 544 919 561 vos
931 535 1107 561 Karissimum
1119 536 1145 560 in
1159 535 1265 560 Christo
1278 534 1361 560 filium
1372 539 1493 560 nostrum
1508 534 1542 559 H.
1554 533 1653 568 Regem
1662 534 1760 568 Anglo-

377 589 436 606 rum
456 580 595 612 illustrem,
616 580 643 606 in
655 580 664 596 ³
674 584 795 606 nostrum
814 580 915 614 Regem
929 581 952 606 &
968 580 1111 606 Dominum
1129 579 1287 614 suscepistis,
1301 580 1325 605 ἅ*
1339 579 1361 604 ei
1380 579 1535 605 fidelitatem
1546 580 1665 613 jurastis,
1685 584 1760 606 tanto

378 624 531 658 ampliorem
542 625 660 651 laetitiam
673 624 699 649 in
711 624 792 650 corde
801 624 976 658 concepimus,
989 629 1097 658 quanto,
1110 633 1156 658 per
1167 623 1284 657 ejusdem
1295 623 1375 658 Regis
1383 624 1536 658 potentiam,
1549 625 1575 650 in
1584 630 1656 650 terra
1667 630 1761 656 vestra,

378 675 536 704 cooperante
551 670 674 700 Domino,
688 669 773 703 major
786 679 837 704 pax
850 670 901 696 erit
912 675 991 704 atque
1004 669 1190 703 tranquillitas,
1211 670 1235 695 ἃ
1247 678 1312 703 gens
1326 668 1479 703 Hybernica
1493 670 1571 704 (quae,
1590 679 1636 704 per
1649 672 1762 696 enormi-

377 719 459 740 tatem
473 716 496 741 &
510 715 664 750 spurcitiam
675 715 808 745 vitiorum,
827 715 893 740 adeo
906 715 1044 740 videbatur
1057 714 1160 748 longius
1178 714 1328 746 recessisse)
1343 714 1431 740 divino
1444 715 1527 740 cultui
1540 716 1548 731 ⁴
1558 716 1713 750 propensuis
1725 717 1762 741 in-

379 760 547 791 formabitur,
561 761 582 786 &
593 760 687 785 melius
701 759 860 786 Christianae
868 760 929 785 fidei
940 759 1066 794 suscipiat
1076 759 1247 794 disciplinam.
1270 760 1279 774 ⁵
1292 759 1424 793 Unsuper,
1436 768 1466 784 eo
1476 760 1546 794 quod
1559 765 1613 785 tam
1626 762 1727 794 potenti
1741 762 1762 787 8:

380 805 519 838 magnifico
534 805 637 839 Regi&
655 810 708 830 tam
725 805 838 831 §devote
858 804 982 831 Ecelesiae
1000 805 1054 830 filio
1073 814 1119 830 vos
1138 805 1272 830 voluntate
1290 804 1374 830 libera
1392 805 1553 835 subdidistis,
1572 806 1764 840 providentiam

380 858 494 876 vestram
507 852 587 886 digna
600 851 685 877 laudis
698 851 925 877 commendatione
938 851 1132 886 prosequimur,
1149 860 1209 877 cum
1221 851 1315 877 exinde
1328 851 1409 880 vobis
1423 851 1557 884 Ecclesiae,
1571 852 1592 877 ἃ
1606 851 1654 877 toti
1668 852 1764 886 populo

381 897 450 922 illius
464 902 542 922 terrae
556 896 656 922 utilitas
670 901 791 931 speretur
804 905 856 922 non
868 896 1011 922 immodica
1023 900 1190 930 perventura.

434 942 572 968 Monemus
591 943 680 976 itaque
692 942 857 968 nobilitatem
869 946 984 968 vestram
1000 942 1129 967 attencius
1146 942 1167 967 ἃ
1181 942 1343 971 mandamus,
1363 942 1485 975 quatinus
1505 941 1667 973 fidelitatem,
1688 950 1765 976 quam

382 992 457 1013 tanto
469 986 535 1021 Regi
546 987 594 1012 sub
612 988 618 1002 ¹
622 987 774 1020 juramento
788 987 915 1021 religione
928 987 1034 1016 fecistis,
1049 987 1072 1012 ei
1085 995 1145 1012 cum
1159 986 1246 1012 debita
1257 986 1419 1019 subjectione
1431 986 1534 1012 firmam
1549 987 1571 1012 &
1586 987 1766 1012 inconcussam

383 1041 488 1058 servare
501 1032 608 1058 curetis.

439 1077 474 1102 Et
490 1077 528 1102 ita
541 1085 586 1101 vos
606 1076 656 1102 sibi
678 1076 704 1101 in
722 1076 872 1102 humilitate
891 1076 913 1101 &
933 1075 1134 1102 mansuetudine
1152 1076 1277 1102 exibeatis
1297 1076 1423 1102 obnoxios
1441 1077 1463 1102 ἃ
1481 1076 1597 1106 devotos
1620 1078 1690 1111 quod
1711 1077 1768 1111 ejus

384 1132 486 1157 semper
499 1123 612 1156 gratiam
627 1122 733 1156 possitis
744 1121 884 1148 2uberiore
897 1121 1041 1156 percipere,
1061 1122 1083 1148 δι
1096 1131 1143 1148 nos
1156 1122 1216 1148 inde
1226 1122 1395 1156 prudentiam
1409 1126 1523 1148 vestram
1537 1122 1615 1156 digne
1628 1122 1768 1148 debeamus

384 1168 576 1193 commendare.

439 1212 502 1238 Dat.
518 1212 670 1238 Tusculani.
685 1212 729 1238 xii.
744 1211 799 1238 Cal.
814 1211 933 1239 Octob.-

594 1330 600 1343 ¹
619 1328 647 1350 F.
659 1328 822 1357 Apostolicam
834 1328 1034 1350 Benedictionem.
1308 1331 1317 1343 ⁵
1328 1328 1358 1350 L.
1371 1328 1474 1358 insuper.

593 1370 601 1383 '2
616 1368 646 1390 L.
659 1368 769 1390 innotuit.
1309 1370 1317 1382 ⁶
1331 1368 1356 1389 F.
1372 1368 1466 1390 devoto.

592 1409 601 1421 ³
616 1407 643 1430 F,
656 1410 770 1430 vestrum.
1311 1407 1316 1419 ¹
1333 1406 1379 1432 An,
1389 1407 1536 1434 juramenti?

595 1449 602 1461 ¹
617 1447 662 1469 Sic.
675 1446 704 1468 L.
718 1447 864 1476 propensius.
1313 1448 1321 1460 ²
1335 1446 1362 1468 F.
1375 1446 1516 1468 uberiorem.

1677 2100 1727 2126 No.
1743 2100 1779 2126 11.
