1929 2600
638 249 745 286 Notes
763 251 835 286 and
853 250 879 286 I
877 250 1098 288 [lustratione.
1491 265 1508 287 2
1515 266 1533 300 5
1540 266 1558 300 5

177 340 252 371 tione,
266 339 351 366 shows
370 340 428 366 that
446 340 519 366 these
533 341 687 367 documents
701 351 771 368 were
788 346 834 368 not
848 342 980 368 unknown
999 347 1026 368 to
1042 343 1105 373 him,
1128 343 1155 369 in
1174 343 1213 369 his
1227 343 1327 378 history
1341 343 1372 369 of
1382 343 1426 369 the
1445 344 1520 378 reign
1535 346 1565 370 of

177 385 269 420 Henry
286 386 321 411 11.
337 386 438 412 alludes
457 390 485 412 to
503 386 583 418 them,
603 396 630 412 as
650 388 729 413 dated
743 387 898 422 September
911 388 984 418 20th,
1002 391 1075 419 1172,
1095 398 1125 414 or
1144 389 1191 415 but
1208 398 1224 415 a
1242 389 1291 414 few
1310 390 1414 415 months
1433 389 1502 415 after
1516 390 1560 415 the

176 437 269 458 return
283 432 313 458 of
322 433 367 458 the
383 433 456 467 King
467 433 537 458 from
551 433 592 459 his
606 434 756 468 expedition
774 439 801 460 to
818 434 931 460 Ireland¹

858 542 878 567 I.

176 595 258 621 Bulla
274 596 420 622 Alexandri
434 597 492 622 III.
509 596 590 631 Papoe
612 597 647 622 ad
659 597 802 622 Hominum
816 596 858 622 II.
880 596 1026 630 Anglormn
1044 596 1151 630 Regem,
1171 599 1223 631 qm?
1241 602 1324 623 monet
1344 602 1371 624 ut
1389 604 1489 633 gentem
1503 600 1558 633 Hy-

227 643 370 673 bernorum,
382 643 504 677 plurimis
517 643 649 677 spurcitiis
668 646 746 677 aeque
758 642 990 667 abominationibus
1012 644 1220 675 cuntamimztam,
1238 644 1273 669 ad
1292 645 1388 670 cultum
1405 645 1559 671 Christiana>

227 688 306 714 Fidei
314 689 510 723 perpotentiam
523 697 596 713 suum
609 691 706 714 revocet
719 691 743 713 et
757 691 894 713 conservet.

373 755 547 780 Amsxmnm
567 754 714 788 episcopus,
738 762 829 779 servus
848 762 986 779 servorum
1006 753 1068 783 Dm.
1089 754 1228 780 karissimo
1248 755 1274 780 in
1296 755 1419 781 Cnmsm
1439 756 1502 786 filio,
1523 756 1556 782 H.

403 799 501 825 illustri
514 799 665 833 Aug-lorum
682 799 755 833 Regi,
777 799 889 824 salutem
909 804 935 824 et
948 799 1120 833 apostolicam
1135 800 1353 826 benedictionem.

424 845 529 871 Celebri
540 844 611 870 fama
623 849 649 870 et
663 845 778 870 veridica
791 845 919 870 relatione
932 845 1076 879 plurimum
1086 854 1137 870 non
1147 845 1202 871 sine
1212 846 1295 871 multa
1304 847 1397 871 mentis
1410 846 1558 878 alacritate,

369 890 554 924 comperimus,
568 890 709 924 quomodo,
729 890 797 915 sieut
810 890 865 924 pias
881 890 938 916 Rex
952 894 978 915 et
992 890 1146 924 magnificus
1159 891 1290 925 princeps,
1304 892 1335 916 de
1351 896 1429 925 gente
1443 892 1488 917 illa
1503 892 1557 926 Hy-

172 937 286 967 hernica,
302 944 367 970 quae,
381 935 478 960 Divino
490 935 585 960 timore
598 935 752 969 postposito,
768 939 892 969 tanquam
906 935 1012 960 effrenis
1024 935 1120 969 passim
1134 944 1180 969 per
1193 936 1307 969 abrupta
1321 936 1408 962 (leviat
1423 937 1557 965 vitiorum,

172 986 199 1007 et
214 982 370 1008 Christianae
382 981 441 1006 fidei
454 980 608 1014 religionem
623 981 713 1014 abjicit
730 985 756 1006 et
770 981 884 1012 virtutis,
898 985 923 1006 et
937 990 963 1006 se
976 980 1105 1006 interimit
1117 981 1209 1006 mutua
1222 981 1309 1011 cede&
1325 986 1350 1006 et
1364 982 1395 1007 de
1408 991 1490 1016 regno
1501 982 1556 1011 illo,

172 1027 243 1061 quod
255 1027 367 1052 Romani
379 1026 519 1060 principes,
539 1026 610 1051 orbis
629 1025 845 1060 triumphatores,
868 1025 921 1051 suis
941 1026 1104 1060 temporibus
1125 1026 1296 1056 inaccessum,
1314 1027 1382 1052 sicut
1400 1028 1558 1062 accepimus,

172 1072 341 1106 reliquerent‚
362 1071 474 1097 faciente
496 1070 621 1100 Domino,
644 1071 720 1105 cujus
743 1071 849 1102 intuitu,
869 1072 938 1097 sicut
957 1071 1136 1097 indubitanter
1157 1072 1298 1101 credimus,
1325 1073 1450 1098 adversus
1473 1074 1556 1107 ipsam

170 1122 284 1152 gentem,
307 1116 435 1142 incultum
455 1120 481 1141 et
501 1116 731 1150 indisciplinatam,
748 1116 894 1150 potentiam
916 1120 970 1142 tuae
990 1116 1139 1142 serenitatis
1161 1117 1326 1147 extenderas,
1349 1118 1506 1144 mirabiliter
1525 1127 1555 1143 ac

198 786 221 803 Α.
232 784 256 802 D.
267 794 312 797 —-

174 809 213 827 An.
226 818 248 820 —
258 808 310 826 Heu.
318 807 345 827 Π.

202 842 305 878 Liffiig.

184 880 240 898 Scae.
252 879 335 897 Westm.

170 1162 309 1197 magnifice
323 1161 500 1196 triumphasti.

224 1208 302 1238 Nam,
316 1212 347 1233 ut
359 1207 423 1233 alias
436 1207 607 1233 enormitates
621 1211 648 1233 et
660 1207 732 1237 vitia,
747 1207 841 1240 quibus
861 1207 952 1232 eadem
968 1216 1041 1241 gens,
1062 1207 1157 1233 omissa
1175 1207 1303 1241 religione
1318 1207 1475 1233 Christianae
1494 1208 1555 1233 fidei

169 1253 232 1280 satis
245 1253 421 1279 irreverenter
433 1253 557 1284 deservit,
571 1253 766 1287 presentialiter
777 1253 928 1278 omittamus
941 1263 947 1284 ;
969 1253 1037 1278 sicut
1049 1253 1315 1287 venerabilesfratres
1328 1254 1410 1279 nostri
1426 1253 1554 1279 Christia-

170 1308 216 1325 nus
229 1299 383 1324 Lesmorien‘
397 1298 540 1332 episcopus,
554 1298 702 1332 apostoliae
721 1298 789 1323 sedis
803 1298 912 1331 legatus,
933 1298 1123 1332 archiepiscopi
1139 1301 1164 1323 et
1177 1299 1290 1332 episcopi
1304 1302 1386 1327 terrm,
1410 1299 1462 1324 suis
1483 1299 1554 1324 nobis

170 1345 253 1370 literis
266 1345 424 1374 intimarzmt,
444 1348 471 1369 et
490 1344 603 1369 dilectus
622 1343 691 1369 filius
711 1347 800 1369 noster
816 1344 848 1369 R.
867 1343 1016 1368 Landaven'
1029 1343 1229 1368 archidiaconus
1237 1344 1250 1373 ¹,
1272 1343 1311 1368 vir
1325 1344 1440 1378 prudens
1457 1348 1483 1369 et
1503 1343 1554 1369 (lis-

169 1394 266 1419 cretuS,
286 1393 313 1415 et
332 1389 412 1423 regiae
431 1389 606 1422 magnitudini
626 1388 730 1414 vinculo
751 1388 883 1422 praecipue
898 1388 1043 1414 devotionis
1064 1388 1198 1417 astrictus,
1220 1389 1263 1422 qui
1285 1389 1339 1414 haec
1360 1388 1481 1414 occulata
1500 1388 1552 1414 fide

169 1433 312 1468 perspexit,
330 1433 388 1458 vivii
401 1433 474 1458 vobis
487 1442 558 1462 voce,
578 1437 633 1458 tam
647 1433 758 1458 sollicite
777 1442 856 1466 quam
874 1433 1027 1466 prudenter,
1048 1433 1177 1467 exposuit,
1197 1433 1326 1466 praedicta
1344 1441 1407 1466 gens
1427 1433 1463 1458 sic
1484 1432 1554 1458 forte

169 1479 271 1513 plenius
284 1479 318 1504 ad
330 1478 452 1504 notitiam
465 1477 545 1511 regiae
558 1477 707 1503 serenitatis
720 1477 839 1511 pervenit
850 1488 855 1502 ε
877 1486 996 1502 novercas
1009 1485 1068 1502 suas
1078 1477 1181 1511 publice
1194 1478 1367 1509 introducunt,
1377 1481 1402 1503 et
1415 1487 1445 1503 ez
1458 1479 1495 1503 eis
1504 1487 1554 1503 mm

169 1524 402 1559 ernbescuntfilz'os
412 1532 536 1558 proceare
546 1535 555 1552 ;
567 1525 659 1557 frater
672 1523 866 1557 uxorefintris,
880 1532 909 1548 eo
922 1523 1027 1552 vivente,
1041 1523 1157 1548 abutitur
1165 1535 1174 1552 ;
1194 1532 1258 1548 unus
1271 1523 1370 1549 duabus
1383 1533 1409 1549 se
1422 1523 1553 1549 sororibus

169 1570 314 1596 concubinis
333 1570 454 1595 immiscet
465 1581 474 1598 ,·
494 1573 517 1594 et
533 1569 651 1603 plerique
669 1569 779 1598 illorum.
800 1573 881 1594 matre
899 1569 999 1599 relietd,
1011 1569 1089 1603 filias
1110 1569 1291 1595 introducunt.-
1312 1573 1335 1595 et
1351 1578 1435 1595 omnes
1454 1570 1552 1604 passim

168 1617 194 1641 iu
207 1616 407 1650 quadragesima?
426 1619 561 1640 vescuntur
574 1615 699 1645 carnibus,
715 1624 759 1640 nee
776 1615 876 1640 solvunt
889 1615 1020 1645 decimam,
1034 1624 1078 1640 nec
1091 1623 1179 1640 sacras
1193 1615 1248 1640 Dm
1260 1615 1381 1641 ecclesias
1393 1619 1418 1641 et
1428 1624 1551 1649 personas

168 1661 362 1690 ecclesiasticas,
372 1664 454 1695 prout
472 1660 569 1692 debent,
587 1660 753 1695 aliquatenus
766 1660 931 1686 reverentur&

1472 1706 1548 1732 Unde

197 1776 208 1791 8
225 1772 261 1794 M.
275 1771 386 1800 Tffierry,
403 1770 427 1792 in
440 1771 480 1792 the
493 1770 588 1800 preface
598 1772 624 1792 to
636 1770 675 1791 the
691 1770 771 1797 eighth
783 1770 832 1791 edi-

166 1812 216 1834 tion
227 1811 254 1833 of
262 1811 298 1832 his
309 1811 418 1839 eloquent
434 1810 479 1832 and
495 1810 635 1837 interesting
653 1809 743 1839 history
754 1810 781 1831 of
792 1810 832 1831 the

167 1851 273 1873 Norman
286 1850 414 1878 Conquest‚
434 1857 493 1879 says,
511 1849 570 1871 with
586 1849 710 1871 reference
726 1852 751 1871 to
763 1849 832 1871 other

166 1890 219 1912 able
236 1890 356 1912 historical
377 1890 473 1911 writers
494 1890 571 1911 whom
591 1889 620 1910 he
639 1889 763 1915 mentions,
779 1889 832 1910 that

167 1933 183 1942 *⁴
195 1930 305 1952 Docteur
316 1929 422 1956 Lingard
437 1936 461 1950 se
475 1929 592 1956 distingue
604 1928 632 1950 de
643 1931 722 1950 tontes
732 1928 765 1949 les
775 1927 831 1957 pre-

166 1970 278 1992 cedentes
288 1976 331 1998 par
342 1969 383 1990 des
398 1969 538 1990 recherches
553 1968 732 1997 approfondies,
745 1970 769 1989 et
786 1974 830 1989 une

166 2016 221 2032 rare
232 2008 378 2036 intelligence
389 2008 420 2029 du
428 2015 511 2037 moyen
522 2007 590 2035 figel‘

195 2049 206 2063 ὴ
220 2049 337 2077 Compare
348 2047 424 2069 Notes
434 2049 462 2069 53
470 2047 516 2069 and
526 2049 562 2069 55.

199 2089 282 2111 iThus
299 2087 434 2109 mentioned
450 2088 479 2117 by
497 2087 619 2113 Hovedem
641 2086 665 2108 in
680 2085 716 2107 his
731 2087 830 2107 account

166 2129 193 2152 of
201 2129 241 2152 the
250 2127 328 2158 Synod
336 2127 363 2149 of
370 2127 462 2154 Cashel,
471 2129 577 2155 amongst
586 2127 626 2149 the
634 2125 830 2154 Anglo-Norman

881 1771 969 1800 elei-gy,
986 1774 1037 1793 sent
1048 1771 1116 1794 there
1126 1772 1157 1802 by
1169 1772 1259 1803 Henry.
1279 1775 1295 1785 ‘⁶
1304 1774 1356 1795 Rex
1369 1774 1468 1802 Angliae
1484 1775 1548 1796 misit

882 1810 1006 1833 Nicolaum
1024 1812 1168 1840 capellanum
1189 1815 1213 1834 et
1234 1813 1384 1843 Radulphunl
1404 1814 1548 1836 archidiaco-

882 1857 937 1872 num
948 1851 977 1872 de
988 1850 1096 1877 Landaff,
1108 1851 1206 1873 clericos
1217 1858 1278 1878 suos,
1296 1859 1342 1873 una
1357 1859 1408 1873 cum
1420 1852 1547 1881 archiepis-

882 1890 948 1918 copis
958 1892 982 1911 et
991 1889 1107 1918 episcopis
1116 1890 1254 1916 Hiberniae,
1267 1898 1338 1919 usque
1349 1891 1378 1912 ad
1387 1891 1547 1913 Casselensem

882 1928 1010 1954 civitatem,
1020 1929 1049 1950 ad
1060 1929 1224 1951 celebrandum
1233 1930 1356 1952 concilium
1364 1930 1391 1951 de
1403 1930 1498 1952 statutis
1509 1938 1546 1952 ec-

881 1967 1158 1996 clesiae.‘'-(Hoveden,
1166 1976 1204 1998 ap.
1214 1969 1323 1991 Wilkins'
1336 1970 1449 1996 eoncilia,
1459 1973 1515 1993 tom.
1528 1970 1544 1993 i.

879 2013 920 2036 pp.
932 2007 1039 2029 471-472.
1072 2008 1231 2035 Cambrensis,
1244 2009 1344 2031 Hibern.
1359 2009 1463 2038 Expug„
1474 2010 1515 2032 lib.
1528 2017 1543 2032 1.

879 2053 930 2075 cap.
943 2046 995 2074 34.)

915 2086 922 2105 ἑ
940 2086 1007 2108 With
1023 2090 1118 2116 respect
1132 2090 1158 2109 to
1173 2088 1237 2109 what
1256 2088 1322 2117 Pope
1340 2087 1476 2110 Alexander
1492 2089 1542 2112 111.

879 2127 954 2147 states
969 2132 999 2147 on
1015 2125 1063 2148 this
1072 2126 1148 2155 point,
1164 2126 1288 2153 Benedict,
1308 2127 1348 2149 the
1364 2129 1544 2158 contemporary
