1929 2600
597 733 1154 789 APPENDIX.

825 1056 893 1091 No.
914 1055 941 1090 I.

187 1149 304 1171 THREE
317 1150 430 1172 BULLS
449 1150 492 1172 OF
510 1150 602 1173 POPE
616 1150 837 1172 ALEXANDER
850 1150 910 1176 111.‚
929 1149 1112 1172 RELATING
1130 1150 1176 1173 ΤΟ
1194 1151 1264 1173 THE
1278 1153 1565 1179 ANGLO-NORMAN

663 1190 835 1213 INVASION
853 1190 897 1212 OF
914 1190 1097 1212 1RELAND*.

868 1271 889 1296 I.

258 1332 479 1357 LEXANDER
495 1333 649 1366 Episcopus,
663 1341 754 1358 servus
767 1341 904 1358 servorum
920 1333 979 1363 Dei,
993 1334 1184 1360 venerabilibus
1197 1335 1325 1363 fratribus
1341 1338 1492 1365 Christiano
1506 1340 1566 1366 Les-

280 1379 393 1403 morensi
410 1379 548 1413 Episcopo,
559 1378 718 1412 Apostolicae
736 1379 803 1404 sedis
817 1379 914 1413 legato,
928 1380 951 1405 &
965 1379 1056 1405 *Gel-
1073 1380 1274 1411 Ardmachensi,
1287 1382 1392 1408 Donato
1409 1384 1567 1416 Cassiliensi,

182 1422 255 1447 Laui‘
274 1423 428 1454 Duflinensi,
449 1425 473 1449 ἃ*
489 1424 613 1449 Οῑιώοίἰό
632 1425 791 1450 5Trianensi
808 1425 1032 1459 Archiepiscopis,
1052 1427 1075 1452 Sc
1089 1435 1180 1452 eorum
1200 1427 1382 1462 suffraganeis,
1406 1430 1524 1455 Salutem
1542 1432 1565 1457 S:

181 1469 348 1502 ⁶Apostolim
361 1468 477 1495 BenedT
508 1470 620 1499 Quantis
634 1471 759 1496 vitiorum
775 1470 976 1496 enormitatibus
988 1480 1053 1505 gens
1069 1471 1213 1497 Hibernica
1225 1473 1259 1498 sit
1272 1473 1377 1503 infecta,
1397 1475 1421 1499 ἃ
1435 1476 1566 1508 quomodo

184 1513 233 1538 Dei
247 1513 350 1544 timore,
364 1514 388 1539 ὃς
400 1513 557 1539 Christianae
570 1514 629 1539 fidei
643 1514 770 1548 religione
787 1515 942 1549 postposita,
957 1524 988 1540 ea
1000 1519 1134 1550 sequatur,
1148 1525 1205 1550 quae
1218 1517 1336 1551 pericula
1349 1519 1455 1552 pariunt
1467 1520 1565 1545 anima-

180 1568 248 1589 rum,
262 1568 293 1584 ex
302 1563 450 1584 vestrarum
460 1560 527 1585 serie
538 1559 674 1585 literarum
687 1560 761 1585 nobis
774 1561 782 1575 7
791 1560 915 1592 innotuis,
925 1561 948 1586 Sc
961 1560 1074 1587 aliorum
1088 1561 1168 1587 etiam
1178 1562 1304 1588 ”vendica
1316 1563 1444 1589 relatione
1458 1565 1566 1590 nichilo-

181 1605 266 1630 minus
279 1605 313 1629 ad
325 1605 445 1630 notitiam
462 1604 621 1639 Apostolicae
634 1605 702 1630 sedis
715 1605 870 1638 plerumque
883 1605 1009 1639 pervenit.

236 1649 299 1674 Inde
312 1654 360 1680 est,
373 1649 443 1683 quod
456 1649 547 1683 utique
560 1658 614 1678 nos,
630 1658 661 1674 ex
676 1648 768 1674 vestris
781 1648 864 1674 literis
877 1648 1062 1683 intelligentes,
1079 1650 1158 1683 quod,
1171 1659 1218 1684 per
1230 1652 1374 1684 potentiam
1389 1653 1525 1679 Rarissimi
1540 1656 1565 1679 in

181 1694 289 1719 Christo
303 1694 349 1719 filii
360 1695 452 1724 nostri,
470 1694 504 1719 H.
517 1694 627 1720 illustris
640 1694 788 1729 Anglorum
800 1694 887 1728 Regis,
900 1695 953 1728 qui,
967 1694 1055 1720 divina
1067 1695 1235 1729 inspiratione
1247 1702 1429 1731 compunctus,
1443 1701 1566 1725 coaduni-

180 1740 212 1764 tis
225 1739 323 1764 viribus
336 1740 388 1765 suis
402 1744 507 1773 gentem
521 1739 592 1764 illam
606 1740 754 1769 barbarum,
769 1740 906 1769 incultam,
920 1740 944 1765 &
954 1739 1047 1765 divinae
1060 1740 1125 1774 legis
1139 1741 1267 1775 ignaram,
1280 1751 1327 1768 suo
1338 1742 1463 1769 Dominio
1476 1746 1564 1778 subju-

178 1785 259 1818 gavit,
279 1793 317 1814 ea,
337 1794 394 1818 quae
411 1785 436 1809 in
450 1789 524 1810 terra
538 1790 625 1810 vestra
638 1791 691 1811 tam
710 1785 801 1811 illicite
818 1785 1029 1815 committuntur,
1048 1791 1208 1820 cooperante
1221 1786 1345 1817 Domino,
1368 1789 1497 1823 incipiunt
1510 1796 1563 1816 tam

179 1830 314 1860 desistere,
333 1831 430 1865 gaudio
443 1831 525 1865 gavisi
545 1840 642 1862 sumus,
660 1832 684 1857 Sc
698 1832 730 1862 ei,
748 1832 858 1865 quijam
872 1832 942 1857 dicto
958 1831 1024 1866 Regi
1038 1836 1138 1857 tantam
1156 1832 1294 1858 victoriam
1307 1834 1418 1859 eontulit
1432 1836 1456 1860 ἃ
1470 1836 1562 1861 trium-

178 1876 267 1909 phum,
279 1876 417 1902 immensas
428 1877 576 1910 gratiarum
587 1877 703 1903 actiones
716 1877 881 1907 exsolvimus,
900 1886 977 1912 prece
990 1877 1100 1912 supplici
1113 1878 1286 1912 postulantes,
1299 1883 1328 1905 ut
1341 1888 1386 1913 per
1400 1880 1563 1914 vigilantiam

1320 1926 1343 1950 &v
1358 1925 1561 1953 sollicitudinem

214 1976 223 1985 *
241 1975 312 1997 From
332 1975 450 1997 Hearne's
465 1977 555 1998 edition
576 1977 603 1998 of
617 1977 657 1999 the
675 1976 749 1999 Liber
765 1977 840 2005 Niger
923 1979 931 1991 ⁵
953 1977 997 1999 Sic.
1011 1977 1038 1999 F.
1053 1977 1170 2000 Tuanensi
1182 1979 1218 2001 vel
1229 1979 1362 2001 Tuamensi.

179 2015 303 2039 Scaccarii,
314 2015 357 2036 vol.
371 2016 386 2036 i.
399 2023 438 2044 pp.
446 2017 516 2038 42-48
527 2024 532 2037 ·.
545 2016 719 2042 Oxf01·‹1‚1728.
740 2016 795 2038 And
805 2024 842 2038 re-
924 2019 932 2030 ’ἱ
953 2017 979 2038 F.
992 2017 1154 2046 Apostolicam
1166 2018 1366 2041 Benedictionem.

177 2053 257 2074 ferreil
268 2056 293 2075 to
301 2054 323 2075 in
335 2054 398 2076 Note
407 2056 443 2080 6⁴,
456 2062 479 2083 p.
489 2057 539 2082 254,
552 2056 579 2077 os
588 2056 627 2078 the
639 2059 735 2085 present
744 2057 842 2079 volume.
926 2058 933 2070 ⁷
954 2056 981 2078 F.
994 2057 1103 2079 innotuit.

208 2095 212 2107 ⁸
233 2093 276 2114 Sic.
927 2099 935 2109 '⁴
952 2097 979 2118 F.
992 2097 1103 2119 veridica.
