1929 2600
191 734 632 782 GRATIANUS
679 731 1101 785 RAGALLUS,
1143 731 1199 775 P.
1216 731 1278 776 R.

528 876 657 912 Healtlt
677 881 709 911 to
728 876 778 911 the
795 875 945 911 Reader.

224 1028 227 1037 “
260 1047 262 1054 2
290 1025 326 1066 ,ἶῗ
377 1023 471 1086 &Q
500 1036 560 1072 my
578 1023 758 1072 youthfull
779 1023 963 1058 Travailes
988 1022 1024 1056 in
1043 1021 1145 1062 Asia,
1171 1022 1188 1056 I
1206 1027 1293 1056 mett
1316 1033 1360 1056 an
1380 1033 1475 1061 Europe.

301 1094 303 1105 ¹
340 1101 347 1118 c
357 1076 362 1091 ‚¹
371 1090 411 1112 ⁸
476 1084 536 1119 old
555 1083 780 1130 Manuseript
793 1083 829 1118 in
842 1082 902 1117 the
914 1082 1047 1130 Syriam
1062 1083 1266 1129 Language‚
1281 1093 1360 1116 eon-

399 1145 432 1191 ζ
478 1145 615 1192 taining
633 1157 653 1179 a
669 1144 767 1179 brief
786 1143 937 1191 History
956 1142 996 1178 of
1012 1142 1072 1178 the
1096 1142 1164 1177 last
1182 1142 1273 1177 War
1291 1141 1361 1176 and

385 1197 387 1201 ¹
422 1201 437 1255 ᾗ
479 1206 666 1251 Conquest
687 1204 727 1239 of
745 1203 892 1253 Cyprus,
907 1203 1026 1239 which
1044 1204 1063 1238 I
1080 1201 1239 1250 brought
1257 1201 1362 1248 along
1382 1214 1477 1236 iselam.

434 1332 435 1335 ’
479 1328 633 1363 without
653 1327 797 1374 takeing
818 1326 958 1362 further
976 1327 1103 1362 Notiee
1123 1326 1163 1361 of
1185 1327 1212 1360 it
1234 1332 1269 1360 at
1288 1325 1364 1360 that

114 1388 238 1431 Time3
266 1388 372 1423 untill
399 1400 481 1423 now
499 1387 540 1423 of
560 1389 631 1423 late
650 1388 669 1422 I
686 1388 828 1435 begann
855 1394 892 1422 to
919 1387 1084 1422 consider
1102 1386 1180 1421 that
1206 1398 1303 1421 some
1329 1386 1369 1420 of

114 1460 180 1483 our
204 1455 349 1495 present
372 1449 625 1483 Transactions
649 1448 734 1483 here
759 1448 795 1482 in
815 1447 958 1496 Europe
984 1460 1079 1482 seem
1107 1453 1144 1482 to
1171 1459 1273 1494 carry
1296 1459 1363 1481 noe

550 1598 789 1634 PRAEFA
808 1598 924 1635 TIO.

117 1688 261 1777 CUM
272 1690 381 1720 Asiam
397 1690 471 1721 olim
484 1690 661 1722 adolescens
678 1702 883 1733 peragrarem‚
899 1702 985 1722 more
1001 1690 1131 1722 humani
1144 1690 1263 1733 ingenii
1276 1691 1363 1721 novi-

220 1743 290 1774 tatis
308 1743 419 1774 avidus
437 1750 468 1774 et
481 1743 618 1784 juvenili
640 1743 811 1786 cupiditate
832 1744 976 1775 incensus
990 1749 1113 1775 vetusta
1134 1755 1237 1775 rerum
1257 1755 1365 1774 monu-

115 1802 220 1828 menta
237 1795 382 1837 locosque
398 1795 480 1826 fama
500 1795 669 1826 celebratos
691 1795 908 1838 cognoscendi,
931 1795 964 1826 in
981 1796 1144 1838 antiquum
1161 1796 1239 1828 forte
1257 1808 1365 1828 manu—

116 1849 265 1891 scriptum
288 1848 385 1880 incidi
406 1848 529 1891 vulgari
553 1847 700 1889 Syrorum
721 1848 830 1891 lingua
853 1855 1028 1887 exaratum,
1052 1849 1086 1880 in
1109 1861 1170 1891 quo
1186 1849 1290 1881 brevis
1313 1849 1367 1881 sed

117 1909 259 1933 accurata
270 1902 403 1933 narratio
413 1901 631 1933 continebatur
641 1902 777 1944 supremi
789 1902 873 1933 illius
886 1914 920 1934 ae
933 1903 1046 1934 funesti
1054 1903 1137 1937 belli,
1151 1915 1213 1944 quo
1223 1903 1368 1935 universa

120 1958 238 2000 Cypms
253 1969 358 1990 eversa
373 1964 465 2000 atque
476 1957 509 1988 in
522 1957 658 1989 hostium
670 1964 854 2000 potestatem
869 1958 994 1990 redacta
1009 1964 1070 1996 est;
1094 1970 1229 2000 eumque
1244 1971 1368 1990 meeum

116 2022 173 2042 nee
189 2010 270 2042 mole
286 2023 414 2053 gravem
429 2022 487 2042 nec
502 2010 586 2042 lectu
602 2010 811 2052 injucundum
831 2011 865 2042 in
881 2011 1017 2043 Patriam
1034 2011 1137 2043 denuo
1152 2018 1309 2043 revertens
1325 2017 1367 2042 at-

117 2063 185 2101 tuli,
199 2070 291 2105 atque
303 2064 335 2094 in
348 2064 624 2106 Musaeo‚1·eliqu0s
636 2064 717 2096 inter
732 2064 836 2102 libros,
849 2065 964 2106 absque
979 2064 1119 2096 ulteriori
1131 2066 1188 2096 sub
1200 2065 1233 2096 id
1245 2072 1367 2107 tempus

117 2117 201 2154 eura,
218 2117 420 2159 indiligenter
435 2116 568 2159 reposui.
606 2117 653 2147 At
668 2128 752 2148 nunc
768 2116 894 2148 demum
910 2116 988 2148 serio
1005 2129 1128 2149 meeum
1144 2118 1327 2155 revolventi,
1337 2125 1368 2150 et

118 2169 233 2202 crebris
254 2170 495 2213 cogitationibus
518 2170 650 2202 subinde
673 2170 862 2209 retractanti,
879 2170 995 2212 quant&
1018 2170 1166 2202 affinitate
1187 2182 1312 2213 nuperae
1335 2171 1367 2201 in

706 2223 732 2253 B
751 2234 767 2255 2
