1929 2600
302 269 347 303 54

300 404 403 426 william
414 404 458 426 ΙΙΙ.

302 510 391 532 Francv.
428 510 493 532 Irish.

301 564 306 581 <
315 565 327 581 ’ν
342 563 359 584 C
363 570 408 584 rom
412 562 468 584 well.

305 670 400 692 Irpland.
415 669 506 691 Tircon-

302 703 352 724 noll

304 776 393 796 Franco.

302 828 312 847 ,Ι
318 836 348 849 ns.
357 827 386 849 II.
398 828 433 849 Ls.
441 827 506 849 XIV.

305 882 366 903 [rish.

898 249 1085 286 Excidium
1104 248 1279 286 fllacarioe
1293 263 1306 290 ;
1333 262 1380 291 or,

520 351 575 376 not
591 345 665 387 only
682 341 866 375 abandoned
881 342 981 373 theire
994 341 1116 378 Prince‚
1134 341 1195 372 and
1210 340 1267 372 left
1281 340 1500 382 himexposed
1516 346 1548 372 to
1564 340 1616 372 the
1632 340 1766 382 Enemy,

520 399 578 430 but
594 398 656 429 also
672 395 853 437 imediately
869 395 1037 426 submitted
1054 402 1084 425 to
1104 394 1261 430 leeodore,
1279 393 1405 435 owning
1419 392 1467 424 his
1480 393 1663 435 Authority.

586 461 636 491 47.
662 448 741 479 This
758 447 926 490 Calumny,
943 459 993 478 soe
1011 446 1185 488 artificially
1199 445 1290 488 spred
1306 445 1429 482 abroad‚
1445 445 1536 476 made
1552 445 1627 476 such
1644 457 1661 476 a
1673 444 1768 476 Noise

522 503 555 534 in
569 503 671 545 Syria,
696 501 765 532 that
786 501 840 532 the
861 500 996 542 Cypriam
1014 500 1203 535 Merchants‚
1221 500 1291 530 who
1312 498 1397 529 lived
1417 498 1505 529 there
1520 498 1603 529 since
1619 498 1671 529 the
1688 498 1768 529 Con-

524 561 613 597 quest
635 554 671 585 of
681 554 802 590 Amilos,
826 554 912 584 durst
934 560 989 584 not
1005 553 1086 584 walk
1112 552 1235 589 abroad,
1260 564 1294 583 or
1310 564 1423 594 appear
1440 551 1474 582 in
1496 551 1549 582 the
1567 551 1691 586 Streets,
1715 550 1768 581 the

525 608 640 650 People
651 619 732 638 were
745 619 795 638 soe
812 606 1015 649 exasperated
1029 606 1148 648 against
1160 605 1257 642 them,
1270 605 1330 636 and
1343 616 1401 635 noe
1414 604 1503 635 other
1513 603 1657 635 Relation
1669 614 1769 635 come-

524 660 578 702 ing
594 667 649 691 out
664 660 700 691 of
711 659 829 702 Cyprus
844 667 875 690 to
892 658 1064 690 contradict
1079 658 1104 689 it
1121 658 1181 697 (for
1195 659 1334 693 Coridon,
1351 657 1421 688 who
1435 668 1495 688 was
1514 663 1569 687 not
1589 668 1605 687 a
1623 656 1770 698 Stranger

524 720 555 744 to
568 713 621 744 the
634 712 729 749 Plott‚
743 719 814 754 putt
829 724 867 742 an
878 711 1057 753 Embargue
1068 722 1174 752 uppon
1192 710 1232 741 all
1247 710 1351 752 Ships,
1369 717 1399 740 to
1412 709 1524 740 hinder
1535 721 1596 751 any
1610 709 1769 739 Accounts

524 766 604 797 from
620 766 732 797 thence
748 765 813 795 into
830 765 931 806 Syria,
948 764 1015 794 that
1030 763 1133 805 might
1155 763 1282 805 gainsay
1299 762 1383 792 what
1398 773 1458 792 was
1479 761 1545 792 told
1561 761 1647 792 there
1663 773 1770 803 uppon

525 818 578 850 the
595 818 734 849 Arrivall
750 817 785 848 of
795 818 945 857 Amasis),
962 816 1126 847 Antiochus
1147 815 1278 851 himself,
1296 814 1366 845 who
1387 826 1482 845 never
1497 814 1633 845 hitherto
1648 814 1771 845 wanted

524 877 593 902 truc
610 871 825 912 Intelligence‚
842 869 963 911 finding
979 881 1037 899 noe
1050 869 1197 899 Account
1213 868 1248 899 of
1258 868 1310 899 the
1328 867 1462 910 Cypriam
1479 867 1609 898 Officers
1626 874 1770 909 contrary

525 931 557 955 to
580 924 666 955 these
690 924 860 960 Relations,
883 921 1077 964 confidently
1101 921 1227 952 averred
1251 922 1293 963 by
1310 921 1440 952 Persons
1463 920 1498 951 of
1513 920 1771 961 unquestionable

526 977 644 1015 Credit,
661 976 723 1007 had
739 988 798 1007 noe
815 976 936 1007 Reason
952 982 983 1006 to
1005 974 1186 1006 misbelieve
1207 974 1240 1010 it,
1263 974 1323 1005 and
1344 973 1567 1016 consequently
1583 973 1712 1016 giveing
1731 973 1772 1004 all

525 1112 678 1148 hostesque
692 1110 886 1147 reliquissent,
903 1109 952 1136 sed
970 1108 1120 1136 confestim
1135 1116 1193 1134 sese
1205 1106 1341 1134 Theodoro
1356 1105 1538 1137 dedidissent,
1555 1110 1584 1132 et
1598 1110 1709 1133 naturae
1723 1115 1772 1143 pa-

525 1163 606 1194 riter,
622 1171 653 1189 ac
668 1160 837 1188 sacramenti
852 1169 908 1196 quo
923 1168 951 1186 se
970 1158 1196 1189 obstrinxerant,
1212 1155 1304 1188 obliti,
1320 1155 1354 1188 ei,
1370 1160 1405 1182 ut
1419 1155 1549 1192 legitimo
1564 1155 1643 1192 Regi,
1660 1157 1772 1192 paruis-

527 1217 599 1240 sent.

592 1269 638 1297 47.
661 1261 753 1288 Tanta
773 1259 891 1287 infamia
911 1264 970 1286 tam
992 1267 1109 1295 operoso
1126 1257 1256 1289 artificio,
1279 1261 1308 1284 et
1323 1255 1425 1283 subtili
1443 1260 1602 1282 commento
1621 1255 1651 1282 in
1665 1255 1772 1292 vulgus

527 1322 632 1349 sparsa,
655 1316 715 1338 tam
729 1310 929 1337 constantibus
948 1309 983 1336 de
1001 1308 1167 1344 Cypriorum
1187 1307 1306 1344 perfidia
1326 1311 1412 1342 atque
1429 1305 1582 1342 opprobrio
1597 1305 1771 1338 rumoribus,

528 1366 626 1394 totam,
643 1370 700 1397 qua
717 1360 775 1387 lata
789 1364 840 1391 est,
857 1358 972 1394 Syriam
991 1358 1031 1384 ita
1052 1357 1186 1394 pervasit,
1204 1362 1238 1384 ut
1253 1356 1426 1383 Mercatores
1444 1354 1548 1390 Cyprii,
1564 1355 1615 1390 qui
1634 1363 1773 1391 oppressae

527 1411 627 1448 patriae
642 1410 716 1437 mala
730 1419 761 1436 ac
776 1408 945 1436 domesticas
960 1407 1137 1434 calamitates
1157 1406 1411 1442 subterfugientes,
1434 1410 1462 1432 et
1480 1405 1627 1441 religionis
1641 1404 1728 1432 simul
1742 1414 1774 1432 ac

527 1460 671 1487 libertatis
685 1458 770 1490 avidi,
786 1458 881 1485 natale
896 1457 988 1485 solum
1003 1457 1089 1484 exilio
1101 1461 1258 1488 verterant,
1269 1461 1297 1483 et
1307 1461 1399 1483 certas
1414 1455 1469 1482 sibi
1484 1455 1562 1482 sedes
1576 1454 1652 1491 apud
1660 1460 1775 1482 exteros

527 1509 660 1541 fixerant,
673 1509 734 1544 jam
748 1508 813 1535 inde
829 1517 864 1535 ex
875 1517 932 1543 quo
946 1506 1072 1534 crudelis
1083 1506 1185 1533 Atte'las
1199 1515 1297 1533 everso
1312 1505 1393 1541 regni
1403 1504 1479 1540 jure,
1496 1509 1524 1531 et
1534 1504 1610 1541 Rege
1621 1513 1672 1541 per
1683 1504 1774 1532 scelus

529 1563 639 1591 exacto,
654 1558 848 1597 Tyrannidem
863 1558 1023 1594 occupavit,
1040 1562 1158 1594 propter
1168 1557 1299 1584 inustum
1310 1556 1391 1592 genti
1405 1555 1526 1583 dedecus
1536 1556 1613 1582 intra
1624 1556 1774 1583 domorum

529 1613 610 1645 septa
624 1608 714 1635 clausi
728 1617 870 1644 nusquam
885 1607 1001 1644 prodire
1016 1607 1168 1634 auderent:
1186 1611 1267 1633 tanto
1282 1615 1381 1633 eorum
1396 1605 1460 1632 odio
1474 1605 1599 1642 populus
1613 1605 1642 1631 in
1657 1605 1773 1633 univer-

530 1657 595 1685 sum
609 1657 769 1685 exarserat!
806 1657 879 1684 Cum
894 1661 991 1684 autem
1006 1656 1088 1689 nihil,
1106 1655 1183 1692 quod
1197 1656 1342 1682 dictorum
1357 1655 1441 1682 fidem
1450 1655 1583 1687 elevaret,
1599 1664 1614 1682 e
1626 1654 1716 1690 Cypro
1730 1665 1774 1683 re-

529 1707 664 1739 ferretur,
681 1711 709 1734 et
728 1706 848 1734 Coriclon
863 1706 992 1733 omnium
1008 1715 1070 1742 quae
1092 1706 1253 1742 agebantur
1267 1715 1375 1742 gnarus
1393 1705 1580 1741 consciusque
1593 1704 1685 1732 edicto
1699 1704 1774 1732 inhi-

529 1757 649 1789 buisset,
666 1766 701 1784 ne
716 1765 773 1792 qua
787 1766 802 1783 e
817 1760 905 1792 portu
920 1755 1044 1782 solveret
1058 1755 1147 1787 navis,
1162 1759 1214 1782 aut
1228 1755 1258 1781 in
1272 1755 1365 1781 altum
1379 1754 1594 1791 proveheretur,
1617 1763 1652 1781 ne
1667 1754 1775 1782 scilicet

530 1815 661 1834 emanare
674 1806 704 1832 in
716 1805 867 1842 publicum
879 1814 977 1832 rerum
986 1805 1092 1832 veritas
1102 1809 1204 1841 posset,
1219 1814 1284 1841 quo,
1297 1814 1361 1840 quae
1372 1804 1408 1831 ab
1417 1803 1527 1831 Amasis
1541 1803 1667 1831 adventu
1678 1804 1774 1832 evalu-

530 1860 621 1889 erant,
632 1859 661 1883 et
673 1855 804 1883 credulos
819 1854 1020 1882 multitudinis
1035 1855 1143 1882 animos
1157 1859 1426 1891 praeoccupaverant
1439 1854 1592 1887 mendacia,
1600 1854 1775 1891 deprehensa

530 1907 664 1939 salsitate,
680 1907 711 1934 in
725 1907 888 1934 ludibrium
903 1906 1183 1933 comminiscentium
1197 1911 1389 1933 verterentur.
1431 1906 1508 1938 Quin
1529 1910 1557 1933 et
1568 1906 1700 1934 Antiocho
1720 1906 1776 1943 ipsi

531 1957 576 1984 his
591 1957 703 1984 artibus
718 1956 838 1983 illusum
853 1960 904 1989 est,
917 1965 1080 1992 quanquam
1094 1965 1204 1982 summa
1217 1956 1248 1982 in
1259 1965 1299 1988 eo,
1313 1960 1341 1983 et
1352 1955 1435 1992 plane
1446 1955 1612 1992 principalis
1620 1955 1716 1983 virtus
1728 1956 1774 1988 sit,

532 2006 655 2033 aliorum
676 2005 795 2033 consilia
815 2005 904 2032 altius
925 2005 1033 2036 rimari,
1055 2014 1157 2032 arcana
1177 2005 1378 2042 pervestigare,
1399 2009 1428 2032 et
1445 2009 1540 2032 totum
1559 2005 1618 2032 fere
1631 2009 1775 2032 terrarum

533 2057 631 2083 orbem
649 2055 754 2083 notitia
775 2055 940 2092 complecti:
962 2055 1171 2082 necimmerito
1185 2059 1280 2082 tamen
1301 2055 1344 2088 iis,
1365 2064 1427 2091 quae
1448 2064 1464 2081 a
1482 2058 1568 2081 tantae
1583 2054 1732 2091 dignitatis
1747 2060 1776 2082 et

534 2106 755 2134 existimationis
766 2105 848 2133 Viris
857 2105 1079 2138 nuntiabantur,
1090 2105 1171 2132 nullo
1180 2104 1339 2142 praesertim
1350 2104 1528 2132 contrarium
1538 2109 1687 2138 asserente,
1697 2104 1775 2132 haud
