1929 2600
770 250 967 299 Appendiae.
1490 268 1508 300 5
1515 267 1557 301 03

174 344 237 369 satis
251 344 428 369 irreverenter
441 343 563 373 deservit,
584 343 784 378 praesentialiter
798 343 959 373 omittamus,
977 343 1045 369 sicut
1055 343 1216 370 venerabiles
1230 344 1324 371 xfratri
1338 345 1421 370 nostri
1433 345 1559 371 Christia-

175 397 224 413 nus
236 387 424 413 Lesrnoriensis
439 387 593 422 Episcopus,
615 387 791 422 (Apostolicae
803 387 871 413 sedis
884 387 1000 422 legatus)
1019 387 1218 423 Archiepiscopi
1232 389 1256 415 ἃ
1271 389 1393 424 Episcopi
1405 394 1492 419 terrae,
1507 392 1559 416 suis

175 433 249 458 nobis
266 433 350 458 literis
364 433 530 462 intimarunt,
542 433 566 458 ἃ
580 432 692 458 dilectus
705 432 773 458 filius
787 437 876 458 noster
887 432 919 459 R.
930 431 1109 458 Landavensis
1122 433 1340 464 Archidiaconus,
1354 435 1394 460 vir
1407 435 1522 469 prudens
1536 437 1557 461 δι

175 478 313 507 discretus,
335 478 359 503 δε
375 477 465 511 Regiae
487 477 662 512 magnitudini
674 477 779 503 vinculo
798 477 929 512 praecipue
946 477 1093 503 devotionis
1109 478 1243 510 astrictus,
1262 479 1306 513 qui
1319 479 1369 506 hoc
1386 480 1491 506 oculata
1509 482 1558 506 fide

174 523 309 557 perspexit
322 523 380 548 viva
393 523 466 548 vobis
479 531 551 552 voce,
565 526 619 548 tam
632 522 733 548 solicite
746 531 824 556 quam
837 522 989 557 prudenter,
1003 523 1133 558 exposuit,
1153 524 1281 558 praedicta
1293 533 1357 559 gens
1370 525 1407 551 sic
1423 525 1492 552 forte
1505 527 1558 560 ple-

174 569 232 593 nius
247 568 280 593 ad
293 568 414 593 notitiam
430 568 520 602 Regiae
537 567 685 593 serenitatis
698 568 825 602 pervenit,
845 576 971 593 novercas
984 576 1044 593 suas
1057 567 1160 602 publice
1173 569 1354 601 introducunt,
1374 571 1397 596 ἃ
1411 579 1443 596 ex
1453 571 1490 596 eis
1508 581 1559 597 non

174 614 334 639 erubescunt
347 613 413 638 filios
425 622 575 647 procreare,
590 612 673 638 frater
687 622 769 639 uxore
782 613 873 639 fratris
886 622 916 639 eo
931 613 1034 639 vivente
1047 613 1180 647 abjicitur,
1195 623 1262 641 unus
1273 615 1374 642 duabus
1386 624 1413 641 se
1426 616 1560 641 sororibus

173 658 326 683 concubinis
339 658 440 687 miscet,
456 659 479 684 ἃ*
493 658 621 693 plerique,
634 659 740 684 illorum
755 664 839 685 matre
853 659 954 688 relicta,
968 659 1034 685 filias
1048 659 1230 686 introducunt.

229 703 263 728 Et
277 711 366 728 omnes
377 702 472 737 passim
482 703 508 728 in
523 703 733 737 Quadragesima
742 708 885 729 vescuntur
897 703 1029 734 carnibus,
1042 712 1089 729 nec
1098 704 1204 730 solvunt
1217 705 1340 735 decimas,
1352 714 1399 731 nec
1409 714 1496 731 sacras
1508 705 1558 731 Dei

176 747 308 773 Eeclesias
322 748 344 773 &
357 756 483 781 personas
499 747 706 776 Ecclesiasticas,
719 752 799 782 prout
812 747 916 777 debent,
929 747 1094 782 aliquatenus
1107 753 1272 774 reverentur.
1312 750 1388 775 Unde
1401 751 1480 784 quod,
1494 753 1502 766 ²
1513 751 1557 779 sic,

172 793 270 818 eisdem
284 791 498 826 Archiepiscopis
512 792 535 817 ἃ
551 791 686 825 Episcopis
699 791 916 826 significantibus,
930 792 953 818 &
967 791 1077 826 prae-fato
1091 793 1287 819 Archidiaeono
1300 794 1402 829 plenius
1417 797 1440 821 ἃ
1454 805 1558 830 expres-

172 838 226 863 sius
240 837 313 863 nobis
333 837 475 866 referente,
495 838 680 871 coniperianS‚
700 838 847 864 coadunato
866 838 1032 873 ³magnificio
1046 842 1092 864 tuo
1111 839 1196 864 navali
1211 841 1234 865 Sc
1247 841 1369 866 ⁴terestri
1382 842 1507 872 exercitu,
1525 842 1558 867 ad

173 882 367 917 subjugandam
381 886 427 907 tuo
440 881 564 907 Dominio
577 887 683 915 gentem
696 882 777 912 illam,
792 883 816 908 S:
828 882 861 908 ad
874 883 1055 917 extirpandam
1070 888 1149 909 tantae
1162 884 1382 911 abhominationis
1395 886 1556 920 spurcitiam,

173 928 261 953 divina
269 927 413 962 inspirante
423 927 571 957 elementia,
582 932 657 953 tuum
668 928 784 953 animum
793 928 908 958 erexisti,
920 933 1035 963 gratum,
1045 929 1082 954 sic
1093 933 1122 955 ut
1132 929 1265 961 debemus,
1276 930 1422 964 ⁵gereimus
1431 932 1557 956 omnimo-

173 973 213 998 dis
228 974 251 998 ἃ
265 978 411 1007 acceptum,
427 973 450 998 &
465 973 558 998 exinde
571 973 602 1003 ei,
617 973 632 999 a
649 982 699 1007 quo
713 983 790 999 omne
803 974 899 1000 bonum
919 975 1046 1009 procedit,
1067 975 1091 1000 Sc
1104 974 1148 1009 qui
1161 975 1219 1009 pios
1231 975 1348 1001 fidelium
1362 985 1470 1002 suorum
1484 981 1557 1002 actus

174 1020 197 1042 ἃ
212 1017 360 1043 voluntates
373 1017 399 1042 in
413 1026 460 1042 suo
474 1017 539 1042 bene
552 1017 650 1051 placito
663 1018 755 1043 salutis
768 1018 891 1053 disponit,
905 1019 1011 1044 devotas
1024 1019 1172 1053 gratiarum
1185 1019 1325 1046 referimus
1337 1020 1462 1050 actiones,
1476 1022 1557 1046 omni-

173 1067 307 1095 potentem
322 1061 467 1087 Dominum
483 1062 574 1087 votivis
583 1062 705 1096 precibus
717 1067 864 1088 exorantes.

229 1107 267 1132 Ut
285 1107 330 1136 sic,
350 1116 397 1141 per
410 1107 555 1141 potentiam
567 1111 618 1132 tuce
631 1107 828 1141 magnitudinis,
849 1116 888 1139 ea,
905 1116 961 1142 quae
978 1112 1033 1133 tam
1046 1108 1137 1134 illicite
1150 1108 1176 1133 in
1189 1109 1287 1142 scripta
1299 1113 1372 1135 terra
1385 1112 1390 1126 ¹
1403 1110 1479 1139 fuint,
1494 1111 1556 1135 inci-

172 1153 248 1186 piunt
256 1153 313 1186 jam
324 1153 458 1181 desistere,
469 1154 492 1178 &
507 1161 555 1186 pro
566 1153 635 1178 vitiis
646 1153 775 1178 virtutum
785 1153 905 1187 germina
914 1153 1042 1187 pululare,
1057 1154 1094 1179 ita
1103 1154 1196 1185 eciam,
1206 1159 1364 1188 cooperante
1376 1156 1499 1185 Domino⁷
1510 1165 1556 1189 per

173 1202 199 1222 te
212 1198 338 1231 praedicta
354 1198 434 1228 Gens,
451 1198 484 1223 ad
495 1203 546 1224 tuae
560 1199 725 1233 sempiternae
739 1199 832 1232 gloria]
844 1207 968 1224 coronam
982 1199 1008 1224 in
1021 1199 1234 1230 marcessibilem,
1249 1201 1272 1226 S:
1286 1209 1338 1226 suae
1351 1201 1443 1226 salutis
1456 1202 1555 1235 perfee-

174 1247 240 1272 tum,
252 1243 356 1276 abjecta
368 1244 497 1278 spurcitia
509 1249 687 1278 peccatorum,
701 1245 852 1270 omnimodo
869 1245 1025 1271 Christianae
1037 1246 1172 1280 religionis
1185 1247 1311 1280 suscipiat
1321 1247 1493 1281 disciplinam.

227 1291 361 1325 Rogamus
380 1292 469 1325 itaque
483 1290 593 1325 Regiam
607 1291 797 1321 excellentiam,
818 1301 954 1317 monemus
971 1292 995 1317 ἃ*
1009 1292 1181 1318 exhortamur
1193 1293 1219 1317 in
1235 1292 1356 1322 Domino,
1378 1298 1456 1327 atque
1477 1295 1501 1318 in
1516 1303 1555 1318 re-

172 1337 320 1362 missionem
334 1337 381 1363 tibi
395 1341 564 1371 peccatorum
577 1338 761 1371 '-'inuingimus‚
777 1338 899 1372 quatinus
912 1339 937 1363 in
952 1347 991 1367 eo,
1005 1338 1076 1372 quod
1089 1338 1256 1363 laudabiliter
1270 1338 1391 1372 incipisti,
1407 1343 1481 1364 tuum
1495 1349 1555 1373 pro-

172 1385 277 1419 pensius
290 1386 405 1410 auimum
416 1385 524 1410 robores
535 1386 558 1411 8:
570 1385 712 1414 confortes,
727 1386 748 1410 δι
759 1389 865 1419 gentem
876 1384 947 1409 illam
959 1385 991 1409 ad
1000 1384 1100 1409 cultum
1115 1384 1271 1409 Christianae
1282 1384 1343 1409 fidei
1353 1393 1400 1418 per
1410 1385 1554 1418 potentiam

172 1436 245 1456 tuam
263 1439 370 1456 revoces
387 1431 408 1455 δι
423 1439 569 1459 conserves,
595 1435 633 1460 ut,
654 1430 731 1460 sicut,
751 1439 799 1464 pro
819 1434 927 1455 tuorum
940 1429 1015 1454 venia
1034 1434 1212 1463 peecatorum,
1230 1429 1356 1455 adversus
1376 1438 1433 1455 eam
1451 1434 1555 1455 tantum

172 1475 289 1499 laborem
304 1478 346 1506 (ut
358 1474 503 1506 credimus)
518 1475 689 1508 assumpsisti,
705 1475 742 1500 ita
755 1474 837 1499 eciam
851 1474 882 1499 de
895 1483 948 1499 suae
961 1473 1053 1499 salutis
1066 1473 1187 1508 perfectu
1199 1482 1323 1499 coronam
1337 1475 1463 1500 merearis
1476 1475 1556 1500 susci-

171 1530 234 1554 pere
247 1521 440 1554 sempiternam.
481 1521 516 1546 Et
536 1521 605 1555 quia,
625 1520 693 1546 sicut
706 1525 757 1546 tuae
771 1519 958 1553 magnitudinis
971 1519 1134 1548 excellentia,
1154 1519 1273 1544 Romana
1288 1519 1407 1545 Ecclesia
1425 1520 1496 1545 uliud
1511 1520 1555 1552 jus

171 1566 267 1591 habeat
286 1567 312 1591 in
328 1566 417 1592 Insula
430 1575 508 1600 quam
528 1566 553 1591 in
567 1570 640 1591 terra
657 1574 751 1600 magna
770 1567 791 1591 &
805 1565 937 1594 continua,
956 1573 1002 1590 nos
1015 1573 1072 1589 eam
1086 1565 1118 1589 de
1131 1568 1183 1590 tuae
1196 1564 1341 1590 devotionis
1361 1564 1466 1590 fervore
1482 1574 1554 1600 spem

171 1612 346 1645 fiduciamque
357 1616 483 1639 tenentes,
498 1611 568 1645 quod
577 1611 641 1644 jura
650 1611 729 1645 ipsius
741 1611 865 1636 Eeclesiae
873 1619 924 1636 non
935 1610 1019 1635 solum
1028 1618 1184 1635 conservare
1193 1610 1265 1640 velis,
1278 1610 1323 1635 sed
1333 1610 1411 1635 etiam
1420 1610 1555 1644 ampliare⁴

172 1658 204 1685 δι,
218 1657 262 1682 ubi
274 1657 374 1682 nullum
383 1657 429 1691 jus
440 1657 543 1686 habeat,
558 1657 584 1683 id
595 1657 673 1683 debes
686 1657 734 1683 sibi
745 1657 876 1685 conferre,
890 1656 1110 1690 magnificentiam
1121 1661 1194 1682 tuam
1203 1665 1328 1690 rogamus
1340 1658 1362 1682 δι
1376 1657 1476 1682 solicite
1487 1666 1555 1682 com-

171 1710 315 1730 monemus,
330 1707 359 1728 ut
372 1702 398 1727 in
412 1702 566 1736 praescripta
579 1702 725 1735 terrajura
736 1702 806 1728 beati
822 1702 895 1728 Petri
909 1702 982 1727 nobis
995 1702 1101 1727 studeas
1111 1702 1220 1727 sollicite
1231 1710 1396 1730 conservare,
1411 1702 1461 1728 &si
1472 1703 1554 1727 eciam

171 1748 206 1772 ibi
226 1757 276 1773 non
291 1747 378 1776 habet,
399 1752 445 1772 tua
458 1746 613 1781 magnitudo
627 1747 710 1772 eidem
724 1746 848 1772 Ecclesiae
861 1747 952 1772 eadem
964 1750 973 1763 ’ό
982 1746 1038 1772 viro
1052 1746 1195 1772 constituat
1208 1747 1230 1773 ἃ
1244 1746 1368 1780 assignet,
1383 1747 1419 1772 ita
1432 1747 1502 1781 quod
1513 1756 1555 1771 ex-

170 1793 231 1818 inde
247 1792 336 1826 Regiae
356 1792 505 1817 celsitudini
525 1792 625 1826 gratias
648 1791 789 1817 debeamus
812 1792 947 1817 exsolvere
969 1791 1095 1825 copiosas,
1117 1793 1139 1818 δι
1157 1796 1186 1818 tu
1205 1792 1335 1827 primitias
1354 1798 1406 1818 tuae
1420 1793 1511 1826 gloriae
1532 1797 1553 1817 ἃ

171 1837 297 1871 triumphi
312 1837 371 1862 Deo
385 1837 497 1862 videaris
511 1837 616 1862 offerre.

226 1882 295 1908 Dat’.
312 1882 431 1908 Tusculi.
447 1882 490 1908 xii.
507 1882 564 1908 Cal.
577 1882 671 1908 Octob.

1498 1918 1549 1943 111.

350 1992 355 2004 ¹
375 1990 402 2012 F.
415 1990 510 2012 fratres.
957 1997 962 2003 ’
977 1990 1021 2012 Sic.

349 2031 358 2044 '2
375 2030 401 2051 F.
415 2030 483 2051 sicut.
956 2031 960 2043 ¹
976 2030 1020 2052 Sic.
1032 2030 1058 2052 F.
1071 2030 1169 2057 fuerint,
1181 2032 1227 2052 nisi
1239 2030 1296 2052 fiunt
1309 2031 1382 2051 malis.

352 2071 357 2083 ¹
373 2069 403 2091 L.
416 2069 544 2097 magnifico.
955 2071 964 2084 '³
976 2069 1005 2091 L.
1018 2070 1166 2099 injungimus

348 2111 353 2123 ⁸
369 2109 413 2131 Sic.
954 2111 962 2123 ³
976 2109 1002 2132 F,
1013 2111 1074 2137 jura.
