1929 2600
377 243 444 277 502
969 230 1001 264 A
1001 230 1169 279 ppemlz'oe.

375 323 399 348 ἃ
412 322 616 348 sollicitudinem
631 321 712 356 ipsius
728 321 817 355 Regis,
838 325 926 347 vestro
945 326 1102 356 cooperante
1119 322 1215 352 studio,
1235 331 1300 356 gens
1318 322 1364 348 illa
1375 322 1570 357 indisciplinata
1588 324 1611 350 δι
1629 325 1756 351 indomita

374 368 474 394 cultum
488 368 582 393 divinae
595 367 670 401 legis,
690 367 714 392 &
726 366 881 400 religionem
894 365 1051 392 Christianae
1063 365 1133 397 fidei,
1146 375 1194 400 per
1204 366 1292 392 omnia
1305 367 1329 392 &
1342 366 1369 392 in
1382 367 1502 393 omnibus
1515 368 1645 400 imitetur,
1664 369 1688 394 ἃ
1701 378 1755 398 vos,

373 422 403 438 ac
416 413 497 438 ceteri
511 411 689 438 Ecclesiastici
702 410 762 440 viri,
774 410 874 436 honore
888 410 911 436 &
924 410 1117 445 tranquillitate
1130 410 1218 435 debita
1230 410 1378 444 gaudeatis.

431 457 561 487 Quoniam
574 457 656 491 igitur
669 457 745 482 decet
758 465 813 488 vos,
826 456 859 482 ad
872 465 902 481 ea
913 456 1101 490 persequenda,
1120 465 1178 490 quae
1190 460 1244 482 tam
1257 456 1301 491 pio
1314 460 1376 483 sunt
1388 456 1526 482 linchoato
1539 458 1677 492 principio,
1696 459 1755 484 soli-

373 503 451 528 citam
465 501 591 527 adhibere
604 502 768 536 diligentiam
782 502 806 528 8:
819 501 946 532 favorem,
966 502 1129 528 fraternitati
1143 507 1236 528 vestrae
1257 511 1304 537 per
1314 502 1469 537 Apostoliea
1487 504 1586 538 scripta
1603 505 1756 530 mandamus

373 557 451 585 atque
465 550 639 585 praecipimus,
653 549 776 583 quatinus
786 553 931 574 memorato
942 548 1017 582 Regi,
1032 549 1101 574 sicut
1111 548 1168 574 viro
1181 548 1330 583 magnifico,
1342 549 1365 574 &
1378 548 1545 574 devotissimo
1557 549 1684 575 Ecclesiae
1693 549 1756 580 filio,

373 596 405 620 ad
423 597 431 610 ”-’
442 595 628 620 manutendam
648 595 673 620 ἃ
686 594 893 620 conservandam
911 598 1010 620 terram
1023 594 1104 623 illam,
1119 595 1141 620 &
1156 594 1189 619 ad
1202 594 1384 628 extirpandam
1397 594 1440 621 ³13
1459 598 1539 620 tantae
1556 594 1757 620 abominationis

373 641 534 674 spurcitiam,
549 644 685 674 quantum,
699 639 771 665 salvo
784 641 792 656 ⁴
802 639 860 664 viro
874 639 965 664 ordine
979 639 1003 665 &
1017 639 1111 670 officio,
1124 639 1253 672 poteritis,
1267 639 1408 673 diligenter
1421 640 1446 666 δι
1458 639 1570 665 viriliter
1585 640 1722 665 assistatis.

429 686 464 711 Et
476 685 497 710 si
511 685 568 719 quis
583 685 694 719 Regum,
711 684 873 718 Principum,
890 684 931 709 vel
944 684 1057 709 aliorum
1070 683 1206 709 hominum
1220 684 1300 717 ipsius
1314 688 1401 715 terrae,
1420 689 1514 710 contra
1527 684 1672 718 juramenti
1687 686 1757 711 debi-

373 737 438 759 tum,
460 732 483 757 ἃ
497 731 659 762 fidelitatem,
679 731 806 765 praedicto
820 730 887 765 Regi
901 730 1052 761 exhibitam,
1071 738 1137 755 ausu
1154 729 1297 756 temerario
1310 730 1400 756 venire
1412 728 1421 741 ⁵
1430 731 1577 764 temptavit,
1597 732 1628 762 si,
1640 731 1674 756 ad
1687 739 1756 756 com-

372 778 543 803 monitionem
555 782 678 808 vestram,
690 778 699 792 ⁶
709 775 853 806 sceleriter,
867 776 936 802 sicut
949 775 1035 806 debet,
1055 784 1107 801 non
1120 775 1300 810 ¹rescipuerit,
1319 778 1328 791 ‘³
1338 785 1407 807 cum,
1429 776 1588 802 auctoritate
1604 776 1758 810 Apostolica

373 822 444 852 freti,
455 822 525 847 omni
536 822 671 848 occasione
682 822 706 848 ἃ*
717 822 884 848 excusatione
901 823 910 837 ⁰
918 822 1061 856 proposita,
1073 831 1184 847 censura
1194 821 1379 848 Ecclesiastica
1387 822 1546 857 percellatis,
1558 823 1596 848 ita
1606 822 1758 848 mandatum

373 872 492 893 nostrum
511 868 652 902 diligenter
672 868 696 894 Sc
716 867 856 893 efficaciter
876 867 1022 897 executuri,
1043 871 1081 897 ut,
1104 867 1173 892 sicut
1191 868 1316 902 praefatus
1331 867 1395 898 Rex,
1414 873 1539 902 tanquam
1562 867 1714 893 Catholicus
1733 868 1757 893 ἃ

373 915 377 927 ¹
389 913 623 943 Christianisimus,
643 922 698 942 nos,
718 916 772 938 tam
785 913 812 938 in
825 912 940 943 decimis,
954 921 1033 946 quam
1045 912 1071 937 in
1085 912 1142 938 aliis
1155 912 1345 938 Ecclesiasticis
1354 913 1477 946 justiciis,
1492 913 1566 938 vobis
1579 913 1757 942 restituendis,

374 959 396 983 ἃ·
410 958 435 983 in
450 958 579 988 omnibus,
600 967 657 992 quae
670 958 703 983 ad
718 957 931 983 Ecclesiasticam
945 957 1079 991 pertinent
1092 956 1251 988 libertatem,
1271 957 1312 991 pie
1329 966 1359 982 ac
1373 957 1485 992 benigne
1504 958 1601 983 dicitur
1615 958 1758 988 exaudisse,

372 1004 409 1027 ita
422 1012 477 1032 vos,
491 1003 511 1028 si
523 1011 561 1033 ea,
582 1012 639 1036 quae
651 1002 684 1028 ad
697 1002 797 1036 regiam
811 1001 956 1036 respiciunt
969 1001 1133 1036 dignitatem,
1147 1003 1307 1028 conservetis
1320 1003 1440 1033 firmiter,
1456 1004 1489 1034 &‚
1509 1008 1636 1037 quantum
1649 1004 1675 1028 in
1686 1003 1758 1029 vobis

373 1055 419 1079 est,
433 1049 535 1074 faciatis
548 1049 581 1074 ab
594 1049 650 1074 aliis
664 1048 822 1074 conservari.

427 1094 496 1120 Dat:
511 1094 664 1120 Tusculani.
678 1094 723 1120 xii.
740 1094 801 1120 Kal.
819 1093 953 1120 Octobris.

1068 1219 1105 1244 11.

377 1287 550 1311 ALExAann
569 1285 726 1320 Episcopus,
747 1293 838 1310 servus
854 1293 990 1310 servorum
1007 1283 1066 1314 Dei,
1090 1284 1236 1310 Karissimo
1257 1284 1283 1309 in
1299 1283 1406 1310 Christo
1425 1283 1478 1309 filio
1493 1282 1529 1308 H.
1547 1282 1643 1308 illustri
1659 1283 1759 1318 Anglo-

372 1339 431 1355 rum
447 1330 521 1364 Regi,
536 1330 654 1356 Salutem
669 1330 692 1356 δι
706 1329 887 1364 Apostolicam
900 1328 1128 1354 Benediccionem.
1169 1328 1274 1354 Celebri
1287 1327 1359 1353 fama
1372 1329 1395 1354 ἂν
1408 1327 1526 1354 veridica
1538 1327 1666 1353 relatione
1679 1327 1760 1362 pluri-

373 1385 453 1407 mum,
468 1384 519 1401 non
532 1375 587 1401 sine
600 1374 684 1400 multa
694 1374 789 1400 mentis
802 1374 948 1403 alacritate,
961 1373 1097 1408 ²c6pinus,
1110 1373 1251 1407 quomodo,
1265 1372 1333 1399 sicut
1344 1373 1402 1407 pius
1412 1373 1468 1398 Rex
1478 1373 1503 1399 ἃ
1516 1372 1670 1406 magnificus
1686 1373 1761 1398 Prin-

373 1428 441 1453 ceps,
465 1419 497 1444 de
511 1419 599 1445 Gente
615 1418 661 1444 illa
674 1418 833 1452 Hybernica‚
853 1427 920 1452 quae,
940 1417 1028 1443 divino
1047 1417 1142 1443 timore
1161 1417 1315 1451 postposito,
1337 1421 1462 1451 tanquam
1481 1416 1587 1442 effrenis
1605 1417 1701 1451 passim
1714 1426 1761 1452 per

372 1465 485 1499 abrupta
497 1465 586 1491 deviat
599 1465 735 1495 viciorum,
747 1466 771 1491 &
785 1465 941 1491 Christianae
954 1465 1014 1490 fidei
1026 1465 1171 1499 ³religione
1184 1465 1280 1498 abjecit
1293 1466 1317 1491 ἃ
1328 1465 1442 1497 virtutis,
1457 1466 1480 1491 &
1491 1473 1518 1490 se
1531 1464 1660 1491 interimit
1670 1470 1763 1491 mutua

373 1510 450 1539 effide,
465 1510 487 1535 ἃ·
502 1510 534 1535 de
547 1518 629 1544 regno
642 1510 696 1539 illo,
712 1510 782 1543 quod
794 1510 906 1535 Romani
924 1510 1062 1544 ⁴princeps
1075 1509 1147 1535 orbis
1159 1509 1368 1544 triumphatores
1381 1510 1435 1536 suis
1447 1510 1610 1545 temporibus
1622 1511 1663 1536 ⁵in
1676 1519 1762 1536 acces-

372 1564 429 1580 sum
444 1555 525 1586 (sicut
537 1555 698 1589 accepimus)
711 1555 884 1589 reliquerunt,
904 1555 1018 1581 faciente
1031 1555 1155 1585 Domino,
1169 1555 1244 1589 cujus
1258 1556 1364 1586 intuitu,
1379 1556 1447 1582 sicut
1459 1558 1468 1573 ὃ
1477 1556 1503 1581 in
1514 1556 1665 1582 dubitanter
1678 1556 1762 1582 credi-

371 1609 439 1630 mus,
452 1600 577 1626 adversus
591 1601 673 1634 ipsam
685 1605 801 1634 gentem,
823 1601 950 1627 incultam
964 1601 988 1627 ἃ*
1002 1601 1232 1636 indisciplinatam,
1250 1602 1396 1636 potentiam
1410 1606 1462 1628 tuae
1475 1602 1624 1628 serenitatis
1638 1603 1761 1628 extende-

374 1653 425 1674 ras,
438 1644 596 1670 mirabiliter
609 1653 639 1670 ac
652 1645 790 1678 magnifice
804 1645 984 1680 triumphasti.

428 1689 505 1719 Nam,
525 1695 555 1716 ut
567 1690 631 1716 alias
645 1691 816 1717 enormitates
830 1692 854 1717 &
868 1692 945 1724 vicia,
964 1691 1059 1726 quibus
1072 1692 1164 1718 eadem
1178 1701 1252 1727 gens,
1272 1693 1368 1719 omissa
1380 1692 1510 1728 religione
1523 1693 1682 1720 Christianae
1700 1694 1761 1720 fidei

1698 1740 1762 1766 satis

551 1802 556 1814 ¹
571 1801 597 1823 F.
611 1801 727 1823 inchoata„
1123 1805 1131 1817 n
1143 1803 1170 1824 F.
1184 1803 1324 1832 postposita.

549 1843 559 1856 ἲ
570 1841 598 1863 F.
610 1841 812 1863 manutenendam.
1124 1844 1128 1856 ¹
1144 1842 1171 1864 F.
1183 1842 1407 1865 christianissimus.

550 1882 558 1895 ³
572 1881 617 1903 Sic.
630 1881 658 1903 F.
671 1881 732 1903 inde.
1122 1882 1132 1896 ²
1147 1881 1176 1903 L.
1189 1881 1353 1910 comperimus.

549 1922 557 1935 θ
570 1919 598 1942 L.
612 1924 700 1942 vestro.
1122 1922 1131 1934 ³
1148 1921 1175 1942 F.
1187 1921 1332 1948 religionem.

548 1962 557 1974 ⁵
569 1960 597 1982 F.
610 1961 772 1990 temptaverit,
1122 1962 1129 1975 θ
1147 1960 1174 1982 F.
1186 1960 1313 1989 principes,
1325 1959 1390 1982 orbis
1399 1959 1594 1988 triumphatores,
1610 1960 1652 1982 s.t.
1662 1960 1763 1982 inacces-

549 2006 557 2017 Γ*
569 2003 598 2025 L.
611 2004 729 2025 celeriter.
1168 2009 1227 2024 suni.

551 2045 558 2057 ⁷
573 2043 618 2064 Sic.
1121 2044 1130 2056 ⁵
1142 2041 1186 2064 Sic.

549 2084 557 2096 Β
575 2081 601 2103 F.
616 2088 677 2103 eum.
1116 2082 1125 2095 ⁶
1139 2080 1183 2102 Sic-
