1929 2600
617 242 724 278 Notas
741 242 817 278 and
834 241 1078 279 Illustrations.
1468 255 1535 289 245

210 339 225 349 ‘¹
240 335 294 360 Nos
307 334 395 368 itaque
408 334 480 369 pium
493 338 520 360 et
532 334 664 360 laudabile
678 334 837 360 desiderium
851 339 926 360 tuum
937 343 997 360 cum
1011 334 1103 360 fauore
1117 342 1236 368 congruo
1249 338 1446 368 prosequentes,
1460 339 1486 360 et
1500 343 1542 368 pe-

155 380 241 406 titioni
261 384 312 406 tuae
326 380 467 414 benignum
480 380 660 414 impendentes
674 388 815 409 assensum,
827 383 935 413 gratum
949 383 975 404 et
994 383 1132 413 acceptum
1150 379 1284 409 habemus,
1299 383 1327 404 vt
1339 388 1388 413 pro
1402 379 1543 405 dilatandis

158 425 283 451 Ecclesiae
296 425 423 455 terminis,
438 434 485 459 pro
500 425 623 450 vitiorum
638 424 821 458 restringendo
835 424 958 454 decursu,
978 433 1025 457 pro
1039 424 1204 457 corrigendis
1217 424 1344 454 moribus,
1361 428 1387 450 et
1399 424 1544 449 virtutibus

156 470 308 500 inserendis,
322 478 369 503 pro
383 470 538 495 Christianze
550 469 685 503 religionis
698 472 840 502 augmento
854 467 968 493 Insulam
983 467 1054 492 illam
1069 468 1234 501 ingrediaris,
1249 473 1275 494 et
1288 469 1358 502 quod
1371 469 1404 494 ad
1414 468 1542 493 honorem

159 515 218 544 Dei,
232 520 257 541 et
271 515 382 541 salutem
396 515 465 541 illius
478 520 557 541 terrae
572 515 739 549 spectauerit,
758 514 910 548 exequaris:
933 518 959 539 et
978 514 1048 539 illius
1061 518 1140 539 terrae
1153 514 1266 548 populus
1280 514 1424 540 honorifici·
1438 518 1465 539 te
1478 514 1543 539 reci-

353 562 415 596 piat,
434 567 460 588 et
473 562 541 588 sicut
554 562 688 588 dominum
702 565 857 587 veneretur:
878 561 935 586 iure
952 561 1076 586 nimirum
1091 561 1268 587 ecclesiastico
1287 562 1388 587 illibato
1402 566 1427 586 et
1439 561 1544 595 integro

160 611 295 628 DENARWS
353 611 532 642 permanente,
551 611 576 632 et
593 607 667 632 salua
685 607 762 632 beato
778 606 858 631 Petro
875 610 901 631 et
921 610 1094 631 sacrosanctae
1109 607 1235 632 Romanae
1252 607 1377 632 Ecclesiae
1391 607 1422 632 de
1435 607 1545 641 singulis

160 647 294 698 {³395}ng
354 653 474 678 domibus
491 653 577 679 annua
590 653 664 678 vnius
678 652 776 678 denarii
790 652 921 686 pensione.
963 652 989 677 Si
1004 652 1069 686 ergo
1088 653 1158 686 quod
1178 653 1320 686 concepisti
1340 653 1435 682 animo,
1450 653 1546 678 effectu

161 694 216 733 ΝὶΑ,
297 690 305 694 ”
354 697 460 723 duxeris
479 697 672 731 complendum,
686 697 762 722 stude
775 701 881 731 gentem
895 696 967 722 illam
981 696 1054 722 bonis
1068 696 1186 722 moribus
1205 697 1357 727 informare,
1372 701 1398 722 et
1410 706 1473 731 agas
1490 697 1545 723 tam

357 751 403 777 per
413 746 448 771 te,
462 741 540 776 quam
553 751 599 776 per
609 741 666 766 illos
676 750 741 775 quos
752 741 868 770 adhibes,
884 750 950 775 quos
960 741 1019 769 fide,
1034 740 1123 770 verbO,
1139 745 1165 766 et
1175 740 1228 766 vita
1241 741 1348 766 idoneos
1358 750 1413 766 esse
1424 750 1546 775 perspex-

160 788 221 819 eris,
235 792 262 813 vt
277 789 417 814 decoretur
431 787 466 812 ibi
483 787 608 816 Ecclesia,
626 786 760 820 plantetur
774 790 801 812 et
814 791 915 812 crescat
930 786 1002 811 Fidei
1019 786 1176 811 Christianae
1189 786 1292 820 religio,
1307 791 1333 812 et
1346 795 1404 820 quae
1418 787 1451 812 ad
1464 787 1545 812 hono-

159 842 216 859 rem
231 833 290 863 Dei,
305 838 331 859 et
343 833 454 858 salutem
466 832 599 867 pertinent
611 832 768 861 animarum,
783 840 829 865 per
840 836 865 857 te
878 831 968 857 taliter
982 831 1148 861 ordinentur,
1158 835 1185 856 vt
1199 830 1214 856 a
1230 831 1287 856 Deo
1300 832 1465 865 sempiternae
1478 841 1545 857 mer-

160 879 230 904 cedis
244 878 378 903 cumulum
391 877 513 911 consequi
527 876 662 908 merearis,
680 881 705 902 et
720 876 745 901 in
760 876 838 902 terris
851 876 997 910 gloriosum
1010 885 1105 901 nomen
1119 876 1206 902 valeas
1220 876 1244 901 in
1263 877 1364 902 saeculis
1377 877 1522 903 obtinere.'’

215 924 273 950 The
287 923 364 950 Abbe
380 923 440 949 Mac
452 923 623 957 Geoghegan,
643 923 711 949 after
724 924 815 957 giving
828 923 854 948 in
867 923 907 948 his
925 923 1025 958 history
1038 923 1091 949 this
1105 923 1160 949 bull
1174 923 1205 949 of
1216 923 1318 949 Adrian
1334 924 1390 953 IV.,
1405 924 1544 949 exclaims:

161 974 213 993 .-“
226 970 301 996 Voila
314 979 348 996 un
363 970 436 995 arret
448 969 581 1004 prononce
595 974 687 995 contre
700 970 834 999 l'Irlande,
850 979 897 1004 par
911 969 996 1004 lequel
1010 969 1034 994 le
1047 969 1119 995 droit
1138 970 1182 994 des
1201 978 1265 1003 gens
1281 973 1307 995 et
1326 969 1363 994 les
1376 969 1424 995 lois
1438 970 1474 995 les
1487 969 1545 1003 plus

160 1017 262 1041 sacrees
273 1020 331 1041 sont
341 1015 448 1047 vioffies,
461 1025 522 1041 sous
535 1015 559 1041 le
573 1016 695 1050 specieux
709 1016 830 1050 pretexte
841 1016 873 1041 de
886 1015 1007 1050 religion,
1020 1020 1046 1041 et
1059 1016 1091 1041 de
1101 1015 1276 1041 reformation
1291 1016 1335 1040 des
1353 1024 1465 1041 moeurs.
1495 1016 1546 1041 Les

164 1060 292 1085 lrlandois
305 1069 337 1085 ne
350 1060 456 1085 doivent
468 1060 526 1094 plus
539 1060 612 1085 avoir
626 1069 676 1086 une
690 1061 789 1094 patrie:
810 1064 879 1085 cette
893 1060 982 1086 nation
996 1060 1040 1094 qui
1051 1060 1148 1086 n'avoit
1157 1060 1252 1093 jamais
1262 1060 1320 1085 subi
1334 1069 1368 1085 un
1378 1060 1446 1094 joug
1459 1060 1547 1085 &tran-

159 1114 216 1139 ger,
228 1115 353 1140 nunquam
367 1110 474 1132 externa·
482 1106 607 1140 subjacuit
618 1107 717 1136 ditioni,
732 1111 771 1132 est
781 1106 950 1137 condamnee,
965 1115 1023 1132 sans
1034 1106 1091 1132 etre
1102 1106 1241 1135 entendue,
1256 1105 1271 1131 a
1282 1106 1377 1140 perdre
1389 1115 1418 1131 sa
1426 1106 1547 1131 liberte.''

164 1150 248 1179 Then,
262 1150 359 1184 having
368 1151 551 1176 endeavoured
564 1155 591 1176 to
605 1151 714 1185 impugn
723 1151 767 1176 the
778 1151 952 1185 authenticity
963 1151 994 1177 of
1006 1151 1051 1177 the
1064 1150 1231 1185 production,
1242 1159 1273 1175 on
1285 1150 1329 1176 the
1337 1151 1454 1184 grounds
1465 1150 1547 1175 above

161 1195 266 1221 refuted
279 1196 311 1229 by
321 1195 370 1221 Dr.
384 1196 513 1230 Lanigan,
528 1196 572 1222 the
585 1196 661 1222 Abbe
675 1196 739 1222 adds
751 1200 811 1221 :—⁴‘
826 1196 895 1226 Quoi
906 1196 968 1230 qu'il
982 1205 1013 1221 en
1027 1196 1087 1226 soit,
1101 1205 1134 1221 on
1147 1200 1213 1230 peut
1226 1195 1291 1227 dire,
1301 1204 1351 1229 que
1360 1195 1455 1228 jamais
1466 1194 1545 1229 Pape,

1435 1260 1440 1266 .
1457 1260 1462 1265 .
1481 1241 1548 1266 Ona

161 1285 194 1310 νῦ
206 1286 250 1311 des
260 1287 528 1313 excommunications
542 1287 646 1312 lancees
657 1291 748 1313 contre
758 1288 803 1313 des
816 1288 978 1321 Empereurs
989 1292 1015 1313 et
1025 1287 1070 1312 des
1081 1287 1153 1318 Rois,
1164 1291 1190 1312 et
1204 1287 1248 1312 des
1260 1286 1388 1316 interdits,
1400 1286 1547 1320 prononces

161 1242 187 1266 ni
196 1246 281 1273 avant,
293 1242 318 1267 ni
329 1242 420 1276 depuis
434 1242 534 1268 Adrien
548 1243 605 1274 IV.,
616 1244 658 1268 n'a
668 1243 730 1277 puni
740 1243 760 1268 si
772 1243 936 1269 sfiverement
946 1252 997 1268 une
1010 1243 1109 1272 nation,
1121 1251 1181 1267 sans
1194 1241 1285 1267 l'avoir
1295 1241 1395 1267 merite.
1412 1260 1418 1266 .

160 1336 253 1356 contre
265 1331 335 1357 leurs
345 1331 421 1361 etats,
431 1341 499 1366 pour
508 1333 602 1358 crimes
616 1333 744 1358 d'heresie
758 1342 792 1359 ou
805 1337 892 1358 autres
904 1342 994 1358 causes
1006 1345 1011 1362 ς
1025 1333 1089 1358 mais
1100 1342 1133 1359 on
1147 1333 1202 1358 voit
1214 1333 1247 1358 ici
1263 1332 1387 1358 l'Irlande
1400 1333 1547 1361 innocente,

160 1376 242 1402 livree
256 1376 271 1402 a
283 1377 327 1402 des
339 1381 437 1411 tyrans,
448 1386 508 1402 sans
521 1377 594 1402 avoir
603 1377 645 1403 ete
656 1377 724 1403 citce
738 1378 834 1403 (levant
844 1386 930 1403 aucun
945 1377 1068 1409 tribunal,
1080 1378 1105 1402 ni
1120 1377 1263 1410 convinque
1276 1378 1388 1402 d'aucun
1399 1377 1508 1402 erime.“

218 1421 370 1455 According
382 1426 409 1446 to
425 1421 474 1446 Dr.
488 1421 616 1456 Lingard,
627 1422 672 1448 the
688 1422 859 1447 Michaelmas
873 1422 942 1447 after
955 1422 999 1447 the
1013 1422 1110 1447 arrival
1125 1422 1155 1447 of
1166 1422 1268 1447 Adrian
1286 1421 1355 1447 IV.'s
1365 1421 1420 1446 bull
1433 1421 1459 1446 in
1476 1422 1547 1455 Eng-

160 1468 230 1497 land,
243 1477 259 1493 a
271 1473 349 1502 great
361 1468 465 1494 council
477 1477 528 1494 was
542 1469 602 1494 held
615 1469 648 1502 by
662 1469 754 1503 Henry
764 1473 791 1494 to
802 1469 946 1494 deliberate
959 1478 1029 1502 upon
1042 1469 1085 1494 the
1099 1469 1247 1503 enterprize
1256 1468 1359 1502 against
1376 1467 1490 1498 Ireland,
1503 1467 1545 1493 for

161 1513 247 1538 which
267 1513 311 1539 the
331 1513 407 1548 papal
427 1514 580 1548 permission
595 1514 647 1539 had
660 1523 734 1539 come
751 1514 821 1539 from
836 1514 928 1540 Rome.
966 1515 1019 1540 But
1038 1523 1054 1539 a
1070 1518 1163 1547 strong
1181 1513 1329 1548 opposition
1343 1522 1395 1539 was
1414 1513 1499 1543 made,
1513 1512 1546 1546 by

164 1558 277 1592 Henry's
289 1558 394 1584 mother
407 1558 458 1583 and
472 1558 576 1589 barons,
589 1563 616 1583 to
635 1558 699 1583 such
713 1567 745 1583 an
757 1558 948 1591 undertakinffi
969 1558 1021 1583 and
1034 1558 1111 1583 other
1125 1562 1215 1583 events
1229 1558 1328 1592 arising
1346 1562 1374 1583 to
1388 1566 1488 1591 engage
1502 1556 1547 1582 the

161 1602 234 1636 royal
248 1601 386 1631 attention,
400 1601 445 1627 the
456 1601 532 1635 papal
546 1601 688 1626 document
697 1611 748 1627 was
759 1602 901 1636 consigned
914 1606 942 1627 to
955 1602 1000 1627 the
1010 1602 1120 1628 records
1132 1602 1158 1627 in
1172 1602 1217 1627 the
1230 1602 1312 1628 castle
1325 1602 1356 1628 of
1370 1602 1546 1629 Winchester.

161 1647 227 1672 until
238 1647 283 1672 the
295 1647 454 1681 application
468 1646 537 1672 from
548 1646 667 1672 Dermod
682 1647 741 1672 Mac
755 1647 914 1681 Murrough,
927 1647 1042 1673 thirteen
1055 1656 1131 1682 years
1140 1647 1217 1678 after,
1230 1656 1296 1682 gave
1308 1647 1399 1682 Henry
1409 1656 1442 1673 an
1453 1656 1548 1682 oppor-

161 1692 247 1726 tunity
260 1692 302 1718 for
314 1692 404 1726 acting
417 1701 487 1726 upon
500 1692 545 1718 the
558 1696 638 1726 grant
651 1691 681 1717 of
694 1692 795 1718 Adrian
812 1693 873 1718 IV.3

1410 1729 1489 1755 Nora
1503 1731 1545 1758 63,

191 1794 201 1808 8
217 1789 345 1818 Lanigan’s
364 1790 538 1812 Ecclesiastical
560 1790 659 1820 History
676 1791 703 1812 of
722 1790 825 1818 Ireland,

162 1830 208 1850 vol.
236 1829 267 1851 iv.
290 1837 330 1858 pp.
354 1831 459 1857 las-159,
488 1832 593 1856 164-166,
622 1831 825 1852 measa—Dr.

878 1792 934 1814 edit.
947 1792 1050 1817 Hearne.
1061 1792 1138 1814 Oxou.
1152 1793 1357 1821 1722.-Rogerus
1366 1793 1394 1815 de
1401 1794 1545 1818 Wendover,

880 1832 998 1854 Chronica
1009 1832 1058 1853 sive
1071 1833 1154 1854 Flores
1168 1833 1337 1859 Historiarum,
1348 1833 1392 1855 vol.
1405 1833 1420 1854 i.
1433 1834 1528 1862 preface
1540 1841 1546 1857 ;

163 1868 266 1897 Henry's
278 1868 375 1898 History
382 1868 409 1890 of
420 1869 496 1890 Great
508 1869 611 1895 Britain,
621 1869 667 1890 vol.
679 1869 711 1890 iii.
720 1869 781 1890 book
792 1870 825 1891 iii.

161 1907 227 1936 chap.
242 1907 271 1929 vi.
285 1915 308 1936 p.
321 1909 379 1929 540:
397 1908 537 1936 Edinhurgh
553 1909 598 1930 and
610 1908 718 1934 London,
733 1909 828 1931 1777.-

162 1947 293 1969 Bullarium
309 1948 448 1974 Romanum,
465 1950 521 1970 tom.
540 1949 564 1969 ii.
586 1956 626 1977 pp.
643 1950 750 1976 351-352,
771 1951 825 1971 369-

161 1989 217 2009 467:
236 1988 325 2014 Romae,
340 1988 402 2010 1739.
416 2003 445 2007 —
456 1989 571 2010 Radulfus
592 1989 620 2010 de
638 1989 734 2015 Diceto,
756 1990 826 2011 Yma-

160 2027 226 2055 gines
244 2027 404 2049 Historiarum
421 2035 458 2057 ap.
472 2028 586 2051 Historiae
599 2029 734 2056 Anglicanzc
747 2029 826 2059 Scrip-

160 2070 226 2089 tores
233 2067 264 2089 X.
274 2074 312 2096 pp.
324 2068 437 2089 529-530:
450 2067 561 2094 Londiui,
572 2067 787 2090 1652.—J0hannes
798 2069 826 2090 de

162 2107 266 2133 Fordun,
288 2107 510 2134 Scoti-Chronicon,
529 2110 586 2129 tom.
605 2107 638 2129 iii.
655 2114 695 2136 pp.
710 2108 825 2130 906-908:

878 1871 923 1892 and
932 1871 976 1893 vol.
989 1871 1012 1893 ii.
1023 1879 1061 1900 pp.
1070 1873 1182 1894 eol-283:
1202 1872 1259 1894 edit.
1270 1872 1344 1898 Coxe,
1357 1872 1468 1897 Londini,
1481 1872 1544 1893 12:441.

878 1911 986 1934 -Math.
1000 1912 1078 1937 Paris,
1098 1912 1206 1934 Historia
1218 1913 1307 1940 Major.
1326 1920 1365 1941 pp.
1378 1914 1446 1934 79-80
1459 1919 1464 1933 2
1488 1912 1543 1933 edit.

878 1950 955 1977 WVats,
973 1950 1083 1977 Londini,
1102 1951 1325 1977 1634.-Baronius,
1342 1951 1445 1972 Annales
1464 1950 1546 1972 Eccle-

877 1989 973 2016 siastici,
986 1992 1042 2011 tom.
1063 1990 1103 2011 xii.
1120 1997 1144 2019 p.
1157 1992 1196 2012 531
1210 1997 1215 2012 :
1235 1990 1374 2018 Moguntiae,
1394 1990 1546 2011 ΝΘΕ-Μαι

879 2028 1030 2057 Geoghegan,
1042 2029 1148 2052 Histoire
1160 2030 1188 2052 de
1202 2030 1326 2056 l'Irlande,
1339 2032 1394 2051 tom.
1408 2030 1423 2051 i.
1439 2037 1479 2058 pp.
1491 2031 1546 2051 439-

876 2069 1076 2097 441.-Liugard‚
1088 2070 1187 2099 History
1195 2070 1221 2092 os
1232 2070 1347 2097 England,
1356 2069 1402 2091 vol.
1411 2069 1435 2091 ii.
1445 2070 1511 2098 chap.
1522 2077 1543 2091 v.

876 2115 916 2137 pp.
929 2109 1034 2131 252-254.
