1929 2600
654 258 759 294 Notes
778 257 850 292 ami
868 255 1111 292 IllustratmnS.
1506 257 1572 302 263

183 352 286 384 hernia)
303 351 372 376 Eum
386 354 412 376 et
427 350 546 376 Heredes
559 358 620 375 suos
638 349 687 375 sibi
700 350 726 374 in
742 349 828 383 Reges
841 352 867 374 et
881 348 1010 373 Dominos
1028 348 1205 376 constituisse,
1218 347 1245 372 in
1263 348 1446 381 perpetuum'*
1485 346 1570 375 Then,

182 397 280 431 having
293 397 451 426 mentioned,
466 397 492 421 in
506 396 595 426 detail,
608 395 667 421 how
685 395 802 420 Gelalius
822 394 851 426 (i.
866 402 896 424 e.‚
914 393 1058 426 Gelasius),
1073 393 1205 422 Donatus,
1222 392 1390 422 Laurentius,
1403 392 1455 417 and
1471 391 1569 417 Catho-

181 443 256 473 licus,
273 443 456 477 Archbishops
470 443 500 467 of
517 442 646 476 Armagh,
661 441 766 470 Cashel,
783 439 892 469 Dublin,
907 440 958 465 and
974 440 1069 471 Tuam,
1084 439 1147 465 with
1161 439 1230 464 their
1244 438 1388 472 respective
1404 438 1566 471 Suffragans‚

181 489 232 513 and
249 488 382 513 Christian
397 488 427 513 of
440 488 567 515 Lismore,
583 486 626 512 the
640 485 778 519 Apostolic
794 485 903 517 Legate,
919 491 1002 508 swore
1016 483 1115 516 fidelity
1130 487 1157 508 to
1176 481 1277 515 Henry,
1288 481 1332 506 the
1349 490 1419 506 same
1433 482 1568 515 authority

176 543 250 567 says:
271 537 286 547 ‘¹
301 534 368 559 Cum
381 537 470 558 autem
484 532 533 557 hoe
547 532 646 557 factum
660 531 761 559 fuisset,
782 529 923 563 praedictus
938 528 998 553 Rex
1014 528 1119 561 Anglioe
1135 527 1206 553 misit
1222 527 1340 552 Nuncios
1359 536 1419 552 suos
1438 527 1472 552 ad
1490 527 1566 552 Ales-

176 578 293 607 andrum,
310 578 447 604 Summum
462 577 626 607 Pontificem,
641 585 700 601 cum
714 575 809 601 litteris
826 574 1097 608 Archiepiscoporum
1115 578 1141 599 et
1156 574 1349 607 Episcoporum
1364 572 1514 607 Ilylternz'ce,
1532 574 1565 599 ad

179 623 397 648 (jonfirmandum
416 623 470 648 Sibi
491 627 517 647 et
536 621 676 647 heredibus
689 621 741 646 suis
758 621 879 653 Regnum
894 619 1055 653 Hybernioe:
1075 619 1164 652 sieque
1184 619 1292 644 factum.
1332 618 1426 648 Nam,'‘
1441 618 1505 644 adds
1520 618 1565 643 the

178 667 276 697 Abbot,
296 672 311 680 “
323 668 446 693 Summus
467 666 589 692 Pontifex
606 665 749 691 autoritate
766 663 921 697 Apostolica
940 663 1107 688 confirmavit
1125 663 1148 688 ei
1162 667 1188 688 et
1208 663 1349 688 heredibus
1367 663 1420 688 suis
1442 663 1564 697 Regnum

175 712 249 741 illud,
265 717 290 738 et
303 721 347 738 eos
360 713 420 738 inde
433 712 458 737 in
472 716 630 746 perpetuum
646 711 731 744 Reges
742 709 905 734 constituit.''

232 757 321 791 Roger
331 758 362 783 de
379 758 516 785 Hoveden,
530 757 588 782 who
602 757 622 782 is
635 755 767 790 supposed
780 759 806 780 to
820 755 886 779 have
897 754 971 783 been,
986 753 1028 779 for
1042 762 1114 779 some
1128 753 1338 787 time,Chaplain
1353 758 1380 778 to
1397 754 1487 788 Henry
1496 754 1561 779 him-

175 803 232 832 self,
254 803 322 828 after
336 803 450 836 relating
467 803 525 827 how
543 802 587 828 the
601 801 672 835 King
686 800 791 825 arrived
811 805 838 825 at
854 799 1016 827 Waterford.
1037 799 1089 824 and
1107 799 1217 833 stopped
1238 798 1312 824 there
1333 798 1475 832 forfifteen
1489 799 1560 832 days,

174 856 240 881 says,
253 847 278 872 in
289 847 328 872 his
344 847 452 875 Annals,
468 847 525 872 that
539 850 554 859 “
565 849 693 871 venerunt
701 844 797 870 ibidem
812 845 844 869 ad
858 853 948 878 regem
958 843 1071 877 Angliae
1084 852 1174 868 omnes
1187 842 1386 877 archiepiscopi,
1400 844 1523 877 episcopi,
1537 849 1563 869 et

173 894 281 919 abbates
294 893 374 919 totius
391 893 542 921 Hiberniae,
558 896 583 917 et
596 896 755 925 receperunt
769 899 829 915 euin
847 890 872 915 in
892 898 982 924 regem
1005 894 1031 914 et
1045 889 1179 914 dominum
1195 888 1348 918 Hiberniae,
1363 888 1485 921 jurantes
1499 891 1521 915 ei
1535 895 1561 915 et

173 937 330 963 haeredibus
344 937 397 962 suis
410 936 573 965 fidelitatem,
588 941 613 961 et
627 935 754 968 regnandi
769 943 848 968 super
862 943 905 959 eos
918 938 1075 968 potestatem
1089 933 1312 967 iii-perpetuum.”
1356 934 1485 960 Hoveden
1500 942 1561 961 next

172 988 278 1011 asserts,
295 984 316 1008 it
329 992 381 1008 was
402 981 546 1016 “exemplo
569 981 755 1010 cle1·ieoru1n‚·'
775 981 833 1005 that
853 980 897 1005 the
917 979 1040 1004 different
1055 983 1156 1012 “reges
1170 983 1196 1004 et
1210 979 1340 1012 principes
1356 979 1561 1009 Hiberniae*-

173 1037 203 1053 or
219 1033 290 1053 “rex
311 1027 456 1057 CorcensiS,
474 1028 497 1052 ἃ
511 1036 558 1052 rex
573 1027 604 1051 de
625 1025 767 1055 Limerich,
783 1026 806 1050 ἃ*
821 1034 867 1050 rex
881 1025 912 1049 de
931 1024 1038 1055 Oxerie,
1057 1025 1079 1049 ἃ
1093 1032 1140 1049 rex
1160 1024 1192 1049 de
1210 1023 1290 1053 Mida,
1305 1028 1331 1049 et
1345 1024 1508 1058 Reginaldus
1527 1027 1558 1051 de

177 1072 340 1101 waterford,
358 1076 383 1097 et
398 1072 460 1104 fere
478 1080 567 1096 omnes
588 1075 708 1105 potentes
730 1069 900 1098 Hiberniae,''
920 1078 947 1094 as
967 1069 999 1094 he
1015 1068 1369 1102 observe5‚--“receperunt
1386 1070 1464 1095 simili
1481 1072 1558 1096 modo

173 1118 329 1148 Henricum,
338 1127 427 1152 regem
440 1118 562 1151 Angliae,
574 1118 599 1142 in
608 1117 743 1143 dominum
755 1122 780 1142 et
789 1126 878 1151 regen]
888 1116 1048 1150 Hyberniae,
1060 1121 1086 1142 et
1094 1116 1213 1142 homines
1226 1117 1265 1142 sui
1276 1117 1445 1148 devenerunt,
1457 1124 1481 1144 et
1496 1120 1518 1144 ei
1533 1126 1558 1145 et

171 1164 327 1189 haeredibus
340 1163 393 1189 suis
404 1163 558 1189 fidelitatem
568 1163 727 1196 juraverunt
737 1167 830 1188 contra
839 1171 928 1187 onmes
939 1162 1084 1187 homines.''
1109 1161 1152 1187 He
1161 1162 1231 1191 then,
1245 1162 1324 1196 along
1339 1163 1400 1188 with
1411 1164 1455 1189 the
1468 1174 1557 1190 names

171 1209 201 1234 of
211 1209 254 1234 the
268 1209 328 1234 four
345 1209 412 1234 Irish
431 1208 621 1242 Archbishops,
638 1208 768 1239 Gelasius,
786 1207 918 1239 Donatus,
934 1207 1103 1236 Laurentius,
1122 1208 1174 1232 and
1190 1207 1351 1237 Catholicus,
1364 1209 1436 1242 gives
1449 1218 1481 1234 an
1495 1219 1556 1236 enu-

170 1253 299 1279 meration
312 1253 343 1278 of
351 1253 420 1279 their
429 1253 575 1287 respective
588 1253 752 1287 Suffragans,
766 1253 882 1286 alleging
893 1252 950 1277 that
961 1256 976 1265 “
987 1251 1013 1276 hi
1023 1260 1121 1281 omnes,
1135 1255 1189 1277 tam
1203 1251 1392 1286 archiepiscopi
1403 1262 1480 1287 quam
1490 1255 1555 1288 epis.

169 1298 236 1332 copi,
251 1302 409 1331 receperunt
421 1297 470 1322 sibi
485 1297 638 1326 Hem-icum,
652 1305 742 1329 regem
759 1296 880 1330 Angliae‚
901 1300 927 1321 et
944 1295 1069 1321 haeredes
1083 1305 1152 1324 suos,
1167 1297 1193 1321 in
1206 1305 1283 1331 reges
1297 1302 1324 1323 et
1337 1298 1455 1325 dominos
1469 1300 1554 1334 inper-

169 1349 286 1377 petuum,
302 1343 371 1377 quod
385 1347 411 1368 et
424 1343 523 1368 chartis
536 1343 590 1368 suis
604 1343 855 1368 confirmaverunt?
894 1342 1002 1376 Finally,
1020 1342 1088 1368 after
1099 1343 1144 1368 the
1159 1342 1248 1377 Synod
1261 1343 1292 1368 of
1308 1344 1410 1374 Cashel,
1426 1345 1554 1372 Hoveden

169 1389 247 1413 adds:
271 1393 286 1402 *⁶
300 1389 356 1414 Rex
370 1397 432 1413 vero
449 1388 561 1422 Angliae
581 1388 653 1413 misit
671 1389 861 1422 transcriptum
879 1388 1033 1413 chartarum
1053 1388 1237 1414 universorum
1254 1389 1512 1424 archiepiscoporum
1528 1398 1552 1417 et

168 1433 352 1467 episcoporum
368 1433 511 1458 Hiberniae
529 1433 562 1458 ad
579 1432 761 1458 Alexandrum
775 1441 878 1466 papam,
898 1436 925 1457 et
937 1432 992 1466 ipse
1005 1432 1163 1458 auctoritate
1176 1433 1321 1467 apostolica
1333 1435 1499 1461 confirmavit
1517 1437 1552 1462 illi

168 1483 195 1502 et
208 1477 364 1503 haeredibus
377 1478 429 1503 suis
443 1487 554 1512 regnum
569 1478 721 1508 Hiberniae,
735 1479 879 1503 secundum
890 1478 1002 1504 formam
1016 1478 1170 1505 chartarum
1177 1480 1437 1515 archiepiscoporum
1448 1489 1474 1508 et
1487 1484 1552 1517 epis-

168 1531 295 1557 coporum
312 1523 480 1548 Hiberniae.”

223 1567 353 1592 Radulfus
367 1567 399 1592 de
414 1568 518 1599 Diceto,
534 1568 608 1593 Dean
622 1568 652 1593 of
665 1569 783 1599 London,
804 1578 861 1603 says
878 1569 909 1594 of
925 1569 968 1595 the
988 1570 1104 1596 conduct
1123 1570 1154 1596 of
1167 1571 1212 1597 the
1228 1571 1296 1597 Irish
1312 1572 1423 1608 Prelacy
1436 1576 1552 1600 towards

171 1611 270 1646 Heni-y,
293 1612 368 1637 when
387 1612 420 1637 he
434 1622 486 1638 was
500 1613 525 1638 in
542 1613 663 1639 Ireland:
685 1618 701 1628 ⁴⁶
711 1615 883 1640 Limnarensis
897 1615 1034 1649 episcopus
1046 1620 1072 1641 et
1085 1616 1235 1650 apostolicae
1254 1618 1322 1643 sedis
1341 1618 1452 1652 legatus,
1466 1621 1551 1646 archi-

167 1657 281 1691 episcopi
294 1662 320 1682 et
333 1658 447 1692 episcopi
460 1664 618 1692 receperunt
631 1668 691 1685 eum
704 1660 730 1685 in
743 1669 833 1694 regem
848 1665 873 1685 et
887 1661 912 1686 in
926 1661 1070 1693 dominum,
1083 1666 1109 1687 et
1122 1662 1277 1688 fidelitatem
1290 1663 1509 1697 eijuraverunts·

220 1702 346 1733 Gervase,
361 1703 405 1728 the
418 1704 495 1728 monk
510 1704 541 1729 of
552 1704 641 1730 Dover
655 1713 684 1730 or
701 1705 878 1739 Canterbury,
892 1705 989 1740 having
1002 1707 1103 1732 related
1116 1707 1174 1732 how
1190 1707 1290 1742 Henry,
1304 1717 1337 1734 on
1352 1709 1391 1735 his
1405 1710 1513 1745 landing
1526 1713 1551 1737 in

168 1747 282 1779 Ireland,
293 1757 353 1779 was,
364 1752 380 1763 “
390 1758 492 1774 summo
506 1758 566 1775 cum
581 1750 681 1775 honore
694 1751 726 1776 ab
740 1751 832 1776 incolis
845 1756 924 1777 terrae
937 1752 1034 1785 Anglix
1047 1757 1073 1778 et
1085 1753 1142 1778 aliis
1156 1757 1304 1788 recethS,”
1318 1754 1428 1782 informs
1442 1766 1480 1786 us,
1495 1758 1552 1783 that

167 1796 182 1807 ⁴¹
194 1799 253 1827 post
265 1798 368 1828 tempus
381 1795 520 1829 parvulum
534 1805 628 1830 regum
641 1801 667 1822 et
681 1797 829 1831 principum
843 1802 928 1827 terrae,
938 1798 1197 1833 archiepiscoporum
1208 1799 1285 1825 simul
1301 1801 1352 1832 [et]
1368 1801 1550 1836 episcoporum

165 1839 281 1873 suscepit
302 1839 470 1866 fidelitates.’‘
509 1841 568 1866 The
589 1842 669 1867 monk
689 1842 766 1867 adds:
788 1846 804 1856 ‘⁴
816 1843 884 1868 Cum
904 1843 1011 1877 regibus
1034 1845 1136 1870 caeteris
1154 1844 1316 1878 juraverunt
1336 1846 1550 1882 archiepiscopus

167 1886 358 1917 Armaehensss,
373 1891 399 1912 et
410 1887 546 1912 Hibernia>
565 1888 671 1922 primas,
691 1892 718 1913 et
731 1896 791 1913 eum
804 1896 835 1913 eo
847 1887 1007 1922 suffraganei
1028 1889 1094 1918 sui,”
1113 1893 1153 1915 set
1172 1889 1245 1915 forth
1261 1889 1289 1915 'at
1308 1890 1417 1925 length3
1437 1893 1548 1918 “archi-

165 1931 301 1965 episcopus
315 1931 474 1958 Cass-elensis
488 1936 514 1957 et
528 1932 553 1957 hi
567 1932 726 1966 suffraganei
742 1932 825 1965 ejus,’'
838 1933 924 1958 stated
946 1934 971 1958 in
994 1933 1039 1959 the
1057 1942 1127 1959 same
1141 1943 1197 1969 way
1209 1946 1215 1964 ;
1237 1939 1253 1949 “
1264 1936 1476 1971 archiepiscopus
1490 1939 1548 1963 Du-

164 1978 299 2003 velinensz's
316 1981 342 2003 et
360 1977 387 2002 hi
409 1978 567 2011 suffraganei
588 1978 669 2011 ejus,'’
689 1978 815 2013 similarly
836 1979 1025 2012 enumerated;
1044 1980 1096 2005 and
1117 1980 1355 2015 “archiepiscopus
1372 1982 1548 2014 Guaimensis,

165 2022 192 2053 (i.
208 2031 241 2052 e.‚
253 2022 433 2054 Tuaimensis)
447 2027 473 2048 et
487 2022 512 2047 hi
531 2023 690 2057 suffraganei
707 2023 787 2056 ejus‚”
799 2023 877 2057 given
895 2023 947 2048 like
968 2023 1042 2049 those
1056 2024 1087 2050 of
1101 2025 1145 2051 the
1159 2025 1236 2051 other
1252 2025 1442 2060 Archbishops.
1480 2029 1498 2040 “
1511 2028 1547 2053 Hi

163 2068 279 2097 omnes,”
297 2067 438 2093 concludes
450 2068 495 2093 the
508 2068 596 2098 monk,
617 2068 798 2101 “juraverunt
810 2069 963 2094 fidelitatem
974 2069 1031 2104 regi
1042 2069 1165 2101 Henrico,
1179 2079 1239 2096 cum
1253 2071 1338 2104 primo
1352 2070 1402 2097 fuit
1415 2071 1440 2097 in
1451 2072 1546 2098 Hiber-

163 2113 206 2138 nia
218 2115 278 2146 post
290 2112 447 2146 martyrium
460 2113 544 2138 sancti
558 2113 681 2148 martyris
696 2113 825 2144 Thomoe‚·’
844 2113 901 2140 that
914 2114 943 2144 is,
966 2114 1006 2141 St.
1020 2114 1137 2141 Thomas
1151 2124 1166 2141 a
1182 2115 1287 2141 Becket.

1511 2153 1550 2178 Of
