1929 2600
330 251 397 284 262
791 248 898 285 Notes
916 249 988 284 ancl
1005 248 1033 284 Ι
1030 249 1249 286 [lustratione.

322 341 379 374 jam
393 341 528 373 desistere,
540 340 637 375 gaudio
650 339 734 374 gavisi
747 349 852 370 sumus;
865 346 892 367 et
905 341 936 371 ei,
951 341 1058 375 quijam
1073 342 1144 368 dicto
1160 342 1228 376 Regi
1240 346 1342 368 tantam
1354 343 1492 370 victoriam
1500 346 1614 372 contulit
1627 351 1652 372 et
1666 347 1712 372 tri-

326 387 462 422 umphum,
481 388 621 413 immensas
637 386 786 420 gratiarum
804 387 920 413 actiones
933 387 1108 418 exsolvimus;
1127 397 1205 422 prece
1222 388 1335 422 supplici
1354 390 1527 423 postulantes,
1542 395 1572 416 ut
1588 401 1635 425 per
1649 393 1713 427 vigi-

326 433 435 458 lantiam
455 437 481 458 et
500 431 704 457 sollicitudinem
725 431 806 465 ipsius
832 432 921 466 Regis,
944 438 1032 459 vestro
1047 439 1206 468 cooperante
1227 435 1323 465 studio,
1344 445 1409 470 gens
1422 436 1467 462 illa
1480 437 1675 472 indisciplinata
1688 445 1715 466 et

325 478 453 503 indomita
465 477 566 503 cultum
580 477 675 502 divinae
687 477 762 510 legis,
776 481 803 503 et
821 478 977 512 religionem
993 479 1150 505 Christianae
1162 480 1232 511 fidei,
1254 489 1300 514 per
1311 481 1399 506 omnia
1412 485 1438 507 et
1451 481 1477 506 in
1491 482 1611 508 omnibus
1624 483 1714 509 incite-

326 527 378 552 tur,
390 527 416 548 et
430 532 474 548 vos
488 531 518 548 ac
532 523 619 548 caeteri
632 523 802 548 ecclesiastici
816 523 875 555 viri,
889 524 988 550 honore
1001 529 1027 550 et
1039 526 1232 559 tranquillitate
1246 525 1335 552 debita
1347 527 1494 560 gaudeatis.

382 567 513 596 Quoniam
524 567 607 601 igitur
621 566 697 592 decet
710 575 755 592 vos
769 567 802 592 ad
815 576 846 592 ea
858 569 1047 602 persequenda,
1063 578 1120 602 quae
1133 573 1186 594 tam
1200 569 1243 603 pio
1257 574 1318 595 sunt
1330 570 1454 596 inchoata
1466 571 1605 606 principio,
1619 573 1713 598 sollici-

326 617 378 637 tam
398 611 524 637 adhibere
545 611 708 645 diligentiam
727 615 753 636 et
771 610 898 641 favorem,
918 611 1081 638 fraternitati
1101 618 1196 639 vestrae
1215 623 1262 648 per
1280 615 1424 648 apostolica
1444 616 1543 650 scripta
1561 618 1714 643 mandamus

325 665 403 693 atque
417 659 590 693 praecipimus‚
605 659 729 693 quatinus
742 663 889 685 memorato
902 660 977 693 Regi,
991 661 1059 686 sicut
1069 661 1125 686 viro
1140 662 1290 695 magnifico,
1303 666 1329 687 et
1340 663 1509 688 devotissimo
1523 664 1638 689 ecclesiae
1652 664 1713 693 filio,

326 706 358 730 ad
372 705 593 731 manutenendam
613 709 640 730 et
660 705 867 731 conservandam
881 710 980 731 terram
1000 707 1080 737 illam,
1101 712 1127 733 et
1144 708 1176 733 ad
1191 709 1374 742 extirpandam
1388 709 1447 734 inde
1466 713 1545 735 tantae
1564 709 1716 735 abhomina-

325 753 402 778 tionis
420 752 583 786 spurcitiam,
604 756 732 786 quantum
753 752 839 784 (salvo
859 757 947 778 vestro
970 753 1062 779 ordine
1082 758 1108 779 et
1132 754 1230 786 officio)
1251 754 1381 788 poteritis,
1397 754 1537 788 diligenter
1552 760 1578 780 et
1601 754 1714 780 viriliter

324 797 459 823 assistatis.

379 843 415 869 Et
427 843 448 868 si
461 842 518 876 quis
534 842 646 876 Regum,
660 842 818 876 principum,
833 842 874 867 vel
894 843 1007 868 aliorum
1021 843 1158 869 hominum
1171 844 1252 878 ipsius
1265 848 1352 874 terrae,
1372 844 1622 877 contrajuramenti
1644 845 1714 870 debi-

325 894 389 919 tum,
400 892 427 914 et
436 888 590 913 fidelitatem
603 887 731 922 praedicto
746 886 812 921 Regi
827 887 962 917 exibitam,
976 897 1042 913 ausu
1056 889 1198 913 temerario
1213 889 1303 914 venire
1323 889 1502 924 temptaverit,
1517 890 1537 914 si
1551 890 1584 915 ad
1596 899 1712 915 commo-

323 936 450 961 nitionem
463 940 578 960 vestram
591 934 723 964 celeriter,
737 934 805 959 sicut
819 934 905 963 debet,
920 944 971 960 non
987 935 1136 969 resipuerit,
1151 944 1210 960 eum
1225 936 1385 961 auctoritate
1399 936 1543 970 apostolici]
1557 936 1627 967 freti,
1644 937 1714 961 omni

324 981 460 1006 occasione
474 984 501 1006 et
513 980 682 1005 excusatione
696 979 849 1013 postposita,
864 980 977 1005 censura
991 980 1168 1006 ecclesiastica
1182 981 1330 1015 percellatis
1343 992 1347 1006 :
1369 981 1406 1006 ita
1425 981 1579 1006 mandatum
1592 986 1714 1006 nostrum

323 1029 464 1062 diligenter
478 1031 504 1053 et
522 1027 664 1052 efficaciter
678 1026 826 1055 executuri,
846 1031 875 1052 ut
889 1027 957 1052 sicut
976 1027 1102 1061 praefatus
1117 1027 1184 1056 Rex,
1204 1031 1329 1061 tanquam
1343 1026 1489 1052 catholicus
1509 1030 1535 1051 et
1553 1026 1715 1051 christianis-

323 1075 403 1099 simus
417 1073 547 1107 princeps,
567 1080 613 1096 nos
625 1076 680 1096 tam
691 1071 717 1096 in
731 1070 839 1096 decimis
853 1080 931 1104 quam
945 1071 970 1096 in
985 1071 1042 1096 aliis
1053 1070 1236 1096 ecclesiasticis
1245 1070 1357 1104 justitiis
1372 1070 1445 1095 vobis
1458 1070 1637 1099 restituendis,
1649 1074 1675 1095 et
1688 1070 1714 1094 in

323 1118 443 1143 omnibus
457 1126 514 1152 quae
524 1117 557 1142 ad
567 1115 772 1142 ecclesiasticam
786 1115 919 1149 pertinent
932 1115 1092 1145 libertatem,
1107 1115 1148 1149 pie
1159 1119 1185 1140 et
1195 1115 1307 1148 benigne
1322 1115 1419 1140 dicitur
1430 1115 1576 1143 exaudisse,
1587 1115 1624 1139 ita
1634 1114 1713 1139 etiam

323 1173 368 1189 vos
386 1164 434 1189 sibi
448 1172 479 1188 ea
498 1172 555 1197 quae
574 1162 607 1187 ad
625 1161 728 1195 regiam
748 1161 893 1195 respiciunt
907 1160 1065 1194 dignitatem
1087 1160 1246 1185 conservetis
1260 1159 1379 1189 firmiter,
1400 1164 1434 1189 et,
1453 1164 1580 1193 quantum
1601 1159 1627 1183 in
1641 1159 1714 1184 vobis

323 1214 370 1236 est.
391 1209 494 1234 faciatis
507 1207 540 1232 ab
550 1207 608 1232 aliis
622 1206 793 1232 conservariv.

379 1254 439 1279 Dat·
456 1252 613 1282 Tusculan',
632 1251 676 1276 xii.
692 1251 753 1276 kal‘.
772 1250 877 1275 Octob'.

378 1320 436 1344 The
448 1322 578 1353 apparent
591 1318 682 1343 effects
695 1317 727 1342 of
737 1317 801 1342 such
816 1326 831 1342 a
844 1317 1023 1342 demoralized
1042 1317 1094 1342 and
1110 1317 1257 1351 disorderly
1271 1317 1404 1343 condition
1419 1325 1446 1342 as
1460 1317 1518 1342 that
1538 1317 1569 1342 of
1583 1317 1628 1342 the
1646 1325 1714 1342 mass

322 1366 352 1391 of
363 1365 430 1391 their
439 1368 612 1398 countrymen
621 1372 655 1388 on
663 1362 707 1388 the
721 1362 835 1388 conduct
845 1361 926 1387 ofthe
939 1362 1007 1387 Irish
1018 1362 1123 1387 clerical
1134 1362 1201 1396 body
1211 1363 1325 1388 towards
1338 1363 1429 1397 Henry
1442 1363 1488 1393 11.‚
1499 1362 1551 1387 and
1562 1362 1593 1387 of
1600 1361 1714 1396 Henry's

322 1411 437 1436 conduct
450 1409 565 1435 towards
586 1409 655 1434 their
674 1409 755 1434 order
770 1409 795 1433 in
811 1412 913 1437 return,
934 1408 1000 1433 have
1020 1408 1085 1434 been
1108 1409 1169 1434 thus
1188 1409 1291 1435 related
1304 1409 1337 1443 by
1351 1409 1395 1434 the
1409 1414 1600 1443 conlemporary
1617 1409 1716 1442 Anglo-

325 1457 444 1482 Norman
459 1455 631 1481 chroniclers.

378 1500 513 1530 Benedict,
530 1499 621 1525 Abbot
633 1498 664 1524 of
675 1498 887 1532 Peterborough,
907 1498 1014 1528 affirms,
1029 1499 1096 1529 that,
1116 1508 1181 1524 soon
1195 1498 1264 1524 aster
1278 1499 1323 1524 the
1339 1498 1432 1532 King’s
1445 1498 1554 1532 landing
1567 1502 1594 1524 at
1611 1498 1716 1524 Water-

322 1546 391 1576 ford,
410 1545 486 1571 there
505 1553 578 1570 came
591 1548 618 1569 to
638 1543 692 1568 him
713 1546 729 1556 “
740 1552 829 1568 omnes
845 1543 1047 1577 Archiepiscopi
1067 1547 1093 1569 et
1109 1543 1233 1577 Episcopi
1248 1543 1388 1577 Hybernz'ae
1401 1547 1428 1568 et
1443 1543 1512 1568 Eum
1526 1543 1552 1567 in
1568 1542 1669 1576 Regem
1689 1548 1716 1568 et

324 1591 468 1618 Dominum
482 1593 661 1623 susceperunt,
675 1592 702 1614 et
717 1588 871 1614 Fidelitates
881 1587 904 1613 ei
914 1587 1075 1621 juraverunt
1085 1592 1179 1614 contra
1193 1596 1282 1613 omnes
1291 1587 1429 1612 Homines.
1458 1587 1493 1612 Et
1503 1587 1564 1612 inde
1573 1587 1674 1621 recepit
1683 1587 1715 1612 ab

322 1645 480 1672 unoquoque
492 1635 700 1669 Archiepiscopo
714 1638 740 1660 et
751 1634 883 1668 Episcopo
897 1634 1001 1659 Literas
1011 1643 1072 1659 suas
1082 1634 1109 1659 in
1119 1634 1227 1659 modum
1239 1634 1328 1660 Cartae
1343 1638 1418 1659 extra
1429 1633 1551 1667 Sigillum
1562 1633 1715 1667 pendentes,

322 1688 349 1708 et
364 1682 558 1708 Confirmantes
571 1680 603 1706 Ei
614 1681 635 1706 ἃ
648 1679 799 1705 Heredibus
810 1679 932 1713 Regnum
943 1679 1089 1712 Hybernioe,
1100 1683 1126 1704 et
1139 1679 1333 1705 Testimonium
1346 1678 1515 1713 perhibentes
1527 1679 1597 1712 ipsos
1612 1678 1650 1707 (in
1664 1678 1715 1704 Hi-

1610 1723 1712 1755 hernia)

352 1778 362 1787 0
374 1774 422 1795 Mr.
432 1772 572 1797 Hardiman,
588 1771 612 1793 in
623 1771 725 1798 alluding
735 1773 761 1792 to
774 1771 814 1792 the
833 1772 848 1782 “
857 1770 931 1792 sound
949 1777 991 1799 po-

323 1815 396 1844 licy‚''
410 1814 469 1836 with
486 1813 564 1835 which
582 1813 611 1834 he
630 1812 751 1834 considers
771 1812 822 1833 that
843 1811 884 1833 the
902 1811 991 1839 Anglo-

324 1855 430 1877 Norman
441 1853 524 1881 Kings,
542 1853 588 1874 and
603 1852 666 1874 their
678 1851 796 1880 Deputies
812 1851 879 1877 here,
896 1850 992 1872 showed

323 1894 464 1917 themselves
483 1892 593 1921 “goodly
613 1883 763 1913 benefactors
779 1892 804 1912 to
825 1890 865 1912 the
883 1890 989 1918 clergy,''

323 1934 439 1960 remarks,
450 1932 503 1954 that
518 1932 540 1954 if
553 1932 621 1953 those
638 1930 768 1952 Monarchs
782 1930 828 1952 and
844 1930 907 1952 their
920 1929 991 1951 Vice-

323 1981 378 2004 roys
389 1973 435 1995 had
449 1973 509 1994 been
526 1971 639 2000 “equally
650 1970 767 1992 attentive
784 1972 809 1992 to
825 1970 865 1991 the
880 1970 993 1991 interests

324 2014 351 2035 of
359 2013 400 2035 the
414 2012 498 2042 people
510 2011 534 2033 in
550 2011 653 2039 general,
669 2012 731 2031 most
741 2010 769 2031 of
780 2010 820 2031 the
831 2009 934 2031 national
946 2009 992 2030 dis-

324 2053 415 2079 orders,
433 2052 510 2074 which
530 2050 674 2073 afterwards
694 2049 817 2074 occurred,
839 2049 913 2076 might
933 2049 993 2070 have

324 2095 383 2115 been
394 2092 533 2122 prevented,
550 2091 596 2113 and
611 2090 660 2113 this
676 2092 775 2119 country
786 2090 840 2117 long
855 2089 917 2111 since
933 2089 992 2110 have

324 2137 419 2157 become
435 2139 580 2163 prosperous
595 2132 640 2154 and
654 2131 759 2160 happy.”
793 2129 866 2151 What
880 2129 942 2151 little
958 2129 992 2151 in-

1041 1771 1133 1793 fluence
1151 1770 1260 1800 spiritual
1280 1777 1390 1792 census-es
1409 1776 1437 1791 or
1452 1769 1630 1791 denunciations
1649 1776 1714 1791 were

1042 1811 1112 1840 likely
1122 1813 1146 1832 to
1158 1811 1217 1832 hare
1228 1810 1282 1835 had,
1294 1810 1318 1831 in
1329 1810 1423 1836 making
1434 1809 1474 1831 the
1486 1809 1549 1831 Irish
1559 1809 1659 1831 Princes
1669 1809 1715 1831 and

1042 1851 1105 1873 their
1122 1851 1207 1880 people
1226 1850 1313 1872 submit
1328 1852 1353 1871 to
1371 1850 1428 1871 such
1445 1856 1459 1871 a
1476 1850 1672 1877 “government¹'
1690 1856 1715 1871 as

1043 1890 1149 1919 Henry's
1159 1890 1183 1911 in
1195 1889 1241 1911 this
1251 1891 1360 1917 country,
1377 1894 1429 1917 may
1441 1888 1469 1909 be
1481 1894 1536 1909 seen
1547 1887 1610 1908 from
1624 1887 1664 1909 the
1677 1894 1715 1909 ac-

1043 1932 1121 1956 count,
1138 1929 1162 1950 in
1179 1929 1219 1951 the
1235 1928 1362 1957 preceding
1378 1927 1451 1953 Note,
1463 1927 1490 1948 of
1506 1927 1546 1948 the
1562 1927 1714 1948 unfortunate

1043 1969 1224 1991 circumstances
1236 1968 1309 1989 under
1320 1966 1397 1989 which
1408 1967 1476 1988 those
1484 1967 1583 1988 Princes
1593 1967 1638 1988 and
1651 1967 1714 1988 their

1043 2009 1128 2038 people
1141 2015 1206 2030 were
1224 2007 1315 2037 placed,
1328 2007 1387 2028 with
1404 2007 1528 2029 reference
1543 2010 1569 2028 to
1581 2007 1633 2028 that
1651 2008 1713 2034 “go-

1044 2049 1194 2074 vernmeut‚·‘
1208 2048 1229 2070 if
1243 2055 1268 2069 so
1285 2047 1305 2069 it
1321 2054 1362 2069 can
1379 2047 1408 2069 be
1424 2047 1499 2069 called
1508 2046 1713 2075 ?-(Hardiman’s

1045 2088 1140 2110 statute
1151 2088 1178 2109 of
1188 2088 1313 2116 Kilkenny,
1325 2094 1349 2115 p,
1357 2086 1486 2108 28.-Earl
1497 2086 1524 2108 of
1536 2086 1713 2109 Castlehaven's

1045 2128 1168 2156 Memoirs,
1180 2136 1220 2158 pp.
1231 2129 1302 2151 8-10:
1321 2127 1421 2153 Dublin,
1436 2127 1515 2155 1815.)
